3016 5444
468 427 511 496 52

472 569 528 635 dio
548 567 731 635 indulsisse
752 571 907 659 Lysiam,
940 582 978 636 nt
996 572 1037 638 ab
1058 573 1118 639 lrae
1139 596 1270 668 quoqne
1290 582 1394 664 parte
1415 570 1474 634 im·

473 671 610 760 paribus
627 670 755 739 viribus
776 674 957 758 coercitus,
1000 676 1041 742 e‘b
1062 701 1121 760 eo,
1165 678 1252 766 qnod
1270 694 1373 746 verae
1399 675 1488 740 artis

476 786 547 858 est,
576 775 791 860 aberraverit,
821 778 1092 907 uerissimnrnqne
1112 781 1269 868 Dionysii
1289 805 1369 848 esse
1388 777 1478 865 judi·

479 879 566 946 cium
587 878 777 963 βούλεται
798 883 999 960 μὲν-*οὑ
1022 887 1282 970 διαγεῖρεοὸὲ
1302 921 1361 952 -.
1419 881 1478 948 Ce-

480 994 585 1052 terum
605 1005 740 1072 omnes,
783 982 824 1048 de
846 985 967 1072 quibus
989 987 1081 1070 dixi,
1122 990 1333 1079 periodorum
1356 991 1480 1056 formes

480 1082 597 1154 variari
618 1107 723 1174 eoque
743 1084 815 1150 fleri
835 1087 939 1176 magis
958 1090 1173 1174 artificiosas,
1211 1098 1480 1184 qnovehemeu-

481 1188 547 1254 tius
568 1187 778 1255 antithesim
803 1189 1066 1284 divisionumque
1095 1197 1228 1280 studio,
1266 1209 1325 1263 ¹ant
1361 1198 1404 1262 in
1433 1217 1479 1259 er·

462 1291 662 1383 primeudis
692 1294 897 1384 explicetivis
929 1299 1116 1382 sententiis,
1154 1294 1211 1366 ant
1244 1302 1281 1368 in
1310 1299 1479 1368 efferendo

483 1397 587 1466 verbo
605 1397 760 1488 primario
781 1401 933 1491 abreptus
955 1402 1000 1467 sit
1019 1403 1137 1492 Lysias
1169 1405 1242 1488 (cfr.
1272 1401 1304 1493 ἓ.
1327 1407 1388 1474 12.
1418 1400 1481 1468 οὐκ

487 1503 649 1584 ἠθέλησαν
669 1539 710 1554 ·-
729 1504 830 1572 ἀλλὰ
850 1485 998 1590 uniit-or
1018 1506 1146 1596 ᾐδοῦντο
1168 1509 1188 1586 ἢ
1210 1511 1386 1592 ἐφοβοῦντο
1422 1509 1481 1570 καὶ

488 1607 595 1686 η’ξΙοον
614 1643 655 1658 ·-
669 1608 896 1695 διαμάχεσθαι
914 1615 1062 1690 μᾶλλον
1090 1613 1111 1690 ἢ
1132 1614 1289 1696 ἐκδοῦναι)
1309 1645 1353 1663 --
1389 1612 1484 1676 artifi-

488 1710 552 1788 cia,
575 1731 658 1795 quae
679 1709 794 1772 erotici
815 1735 947 1800 qnoque
968 1714 1097 1781 ostendi
1117 1717 1309 1806 propria-
1329 1727 1483 1793 nonest,

491 1812 580 1902 qnod
601 1810 737 1876 uberius
758 1833 940 1898 exponam,
974 1841 1076 1902 quum
1097 1823 1233 1908 quaevis
1252 1823 1377 1914 pagine
1399 1823 1485 1888 luen·

490 1916 579 1983 lenta
599 1915 746 2004 exempla
766 1913 926 2003 praebeat.

577 2019 726 2104 Quodsi,
769 2019 848 2084 licet
873 2040 1029 2084 summam
1056 2019 1092 2081 iu
1121 2026 1358 2110 componendis
1382 2027 1486 2118 perio-

494 2125 547 2192 dis
567 2135 667 2193 artem
687 2122 833 2192 noudum
853 2132 1022 2190 assecutus
1044 2123 1245 2210 sitLpsies,
1289 2138 1407 2197 tamen
1439 2155 1488 2196 ne·

497 2233 568 2324 gari
588 2256 654 2328 non
675 2241 800 2319 potest,
828 2231 889 2296 hae
909 2229 945 2294 in
965 2252 1005 2316 re
1024 2251 1099 2295 eum
1119 2228 1198 2294 setis
1218 2231 1355 2297 multum
1378 2237 1490 2321 profe·

495 2336 602 2417 risse,
643 2335 763 2400 rationi
790 2345 914 2417 umen,
956 2357 1021 2422 que
1039 2335 1084 2399 ¹iu
1113 2333 1268 2401 memhris
1289 2335 1488 2402 adornandis

495 2452 642 2508 versatus
663 2450 732 2522 est,
754 2437 889 2504 eandem
908 2436 1039 2504 laudem
1058 2434 1264 2530 tribuendam
1285 2461 1375 2522 esse,
1399 2441 1487 2506 valde

498 2543 631 2628 dubito,
674 2542 759 2632 qnin
783 2541 823 2606 ab
851 2543 912 2606 hae
942 2555 1032 2630 parte
1054 2542 1200 2630 proxime
1221 2542 1325 2607 adhue
1346 2566 1367 2608 e
1391 2544 1485 2608 nimio

367 2655 373 2659 ’
497 2647 717 2737 oppositionis
749 2656 781 2711 et
810 2645 999 2736 aequilibrii
1021 2645 1130 2712 studio
1150 2645 1265 2712 abesse
1286 2646 1429 2714 videtur.
1450 2685 1483 2697 -

501 2753 629 2838 Quum,
658 2751 714 2835 id,
743 2749 832 2841 qnod
853 2757 950 2838 sup're
965 2749 1035 2835 jem
1055 2748 1191 2833 monui,
1233 2759 1409 2841 utrumqne
1428 2761 1483 2816 stn-

496 2857 592 2926 'dinm
611 2854 794 2923 arctissime
822 2853 909 2919 inter
935 2877 970 2918 se
1002 2854 1190 2936 cohaereat,
1233 2853 1277 2920 ita
1299 2866 1337 2920 ut
1359 2857 1479 2922 alterum

501 2962 595 3050 alteri
616 2959 784 3028 efficiendo
803 2955 978 3038 inserviat,
1018 2979 1105 3021 nune
1127 2957 1223 3022 etiem
1244 2958 1289 3025 ite
1310 2985 1424 3052 agam,
1451 2969 1481 3023 nt

503 3089 541 3131 ea
559 3066 770 3153 conjungam.

460 3229 466 3246 ,
586 3168 662 3233 Ut
651 3192 689 3233 ιιι
710 3167 889 3234 formandis
910 3165 1075 3256 periodis,
1118 3165 1163 3232 ita
1191 3165 1227 3232 in
1255 3169 1414 3235 membris
1442 3189 1479 3231 ea·

501 3295 574 3342 rum
606 3271 684 3338 sibi
705 3271 910 3363 opponendis
947 3269 1234 3362 frequentissimus
1263 3273 1477 3382 particularum

503 3382 619 3464 μὲν-
576 3377 674 3440 -ἐὸ
694 3399 776 3441 usus
797 3385 857 3441 est.
917 3371 1023 3462 Cujus
1045 3374 1271 3464 quamprimo
1291 3355 1410 3442 obtutu
1431 3395 1479 3440 nu·

505 3505 570 3573 gna
590 3477 859 3570 exemplorum
828 3502 880 3544 us
903 3501 939 3543 se
970 3479 1104 3570 offeret,
1147 3477 1250 3545 setius
1276 3477 1407 3545 videtur
1433 3483 1490 3545 lios¹

504 3608 608 3652 nuum
627 3583 825 3673 respexisse,
847 3582 905 3648 ubi
926 3581 1032 3648 eidem
1050 3584 1229 3650 sententiae
1250 3585 1400 3669 eandem,
1421 3581 1479 3649 aliis

504 3688 596 3754 illam
617 3689 749 3778 quidem
768 3687 878 3757 verbis
899 3687 1105 3777 expressam,
1138 3687 1331 3775 opponendo
1361 3681 1478 3776 inserti·

506 3800 577 3872 unt.
643 3790 754 3879 Atque
775 3791 905 3858 mollem
926 3791 1017 3858 illem
1039 3781 1194 3860 orationis
1214 3793 1373 3884 figurem,
1415 3809 1479 3882 qnae

507 3896 593 3986 apud
613 3893 823 3962 Aristotelem
844 3889 955 3976 (Rnet.
979 3897 1013 3978 3,
1034 3896 1067 3962 9.
1091 3896 1165 3979 fin.)
1192 3896 1312 3984 ψιυδὴς
1342 3898 1478 3965 ἀντίθεσις

507 3998 613 4075 audit,
656 3997 776 4086 prioris
808 4000 929 4088 Lysiae
956 3999 1069 4066 notatis
1094 4002 1162 4086 jam
1189 4002 1353 4092 propriam
1379 4002 1477 4076 nisse,

509 4129 549 4172 ex
576 4103 758 4192 fragmento
791 4100 947 4167 orationis
980 4127 1039 4190 pro
1069 4103 1163 4170 Nicia
1196 4118 1229 4172 et
1262 4117 1389 4197 aperti,
1429 4123 1478 4194 (1¹¹²
