3016 5444
1063 507 1106 571 21

112 682 174 722 σαν
202 654 318 740 ἤάοοιΙν
348 652 536 741 θεραπεύων
564 652 731 740 οννεόοροιὶ
756 653 945 730 οοι,1ἀλλά
970 635 1023 718 aad
1052 650 1108 732 τήν

104 762 282 844 με’λλοοοον
305 759 456 843 scetem
477 757 628 838 ἔσεσθαι,
649 759 655 844 Ι
682 757 737 843 οὐχ
756 756 817 822 ὑπ’
840 755 955 839 ἔρωτος
976 757 1107 839 ἡττώμε-

103 893 180 946 νος,
207 881 213 935 Ι
241 863 311 930 ἀλλ’
348 866 423 945 ἐμοῦ
455 861 604 948 πρατοῑνΙ
633 861 705 927 οὐδὲ
741 859 806 925 daci
829 857 945 945 ομιιιρά
980 857 1107 944 ἰοχυράν

103 963 229 1058 ἔχθραν
261 965 501 1049 ἀναιρούμενος,
528 985 534 1037 Ι
562 962 638 1029 ἀλλά
668 963 720 1028 ded
741 964 857 1048 μεγάλοι
877 964 1021 1048 βραδέως
1043 962 1106 1028 ὀλί-

103 1099 168 1158 γην
198 1071 294 1156 ὅργην
319 1069 518 1154 ποιούμενος,
542 1069 548 1154 Ι
573 1073 634 1134 τάν
662 1071 717 1152 peda
749 1067 904 1134 ἀκουσίων
927 1065 1106 1150 συγγνώμην

106 1176 207 1262 ἔχων,
233 1191 238 1246 Ι
264 1173 301 1240 sd
330 1177 362 1240 δὲ
387 1159 515 1241 ἀκούσιοι
535 1173 726 1258 πειρώμενος
747 1171 945 1257 ἀποτρέπειν·
971 1170 977 1256 Ι
1007 1174 1104 1235 τοῦτο

106 1277 171 1364 γάρ
199 1280 262 1342 ἔστι
290 1281 395 1362 φιλίας
419 1277 516 1346 notas
543 1277 659 1364 χρόνον
691 1277 836 1359 ιὀομὲνης
870 1273 1029 1359 τεκμήρια.
1058 1314 1101 1324 -

107 1380 214 1462 Quam
242 1380 467 1469 primariamm
494 1381 636 1470 partium
664 1403 705 1444 ex
732 1380 838 1445 allatis
867 1378 1023 1467 exemplis
1047 1399 1100 1444 co·

104 1483 297 1570 gnascimus
327 1485 577 1574 aequalitatem,
621 1481 757 1548 eandem
793 1482 898 1570 magis
935 1482 1030 1546 etiam
1064 1485 1100 1548 in

105 1583 250 1674 singulis
279 1586 420 1676 partium
451 1585 607 1652 membris
639 1609 682 1650 ne
709 1581 940 1650 minutissimis
971 1584 1115 1672 quidem-

101 1687 277 1776 particulis
303 1687 471 1776 exceptis,
513 1699 546 1754 ct
574 1687 658 1778 ipsis
687 1689 877 1777 saepissime
885 1760 891 1766 *-
906 1688 1117 1776 opponendo·

104 1791 233 1882 effectis
247 1791 543 1876 animadvertimus,
567 1791 612 1857 ita
632 1801 669 1857 ut
688 1781 910 1860 verba‘verhis
932 1788 971 1854 ad
993 1813 1100 1856 amus-

106 1891 172 1956 sim
202 1892 391 1980 saepissime
418 1893 645 1982 respondeant.
709 1894 822 1986 Atque
853 1895 936 1960 lranc
966 1894 1099 1984 quidem
1163 1901 1164 1909 ’

107 1997 300 2062 sententiam
323 2021 378 2081 ea,
393 2006 504 2087 ‘quem
525 1998 621 2064 modo
643 1997 823 2087 adscripsi,
865 1995 1000 2084 periodo
1021 1997 1096 2078 illu·
1171 2083 1179 2090 ,

103 2097 224 2164 strabo.
254 2137 289 2150 -
318 2101 465 2192 Utraque
486 2127 561 2192 pars
582 2103 735 2193 primaria
756 2113 788 2167 et
809 2100 880 2189 ipsa
901 2099 997 2164 binas
1019 2089 1100 2166 con-⁴
1171 2179 1179 2191 '

1 2198 2 2202 ¹
100 2202 185 2270 tinet
213 2216 342 2295 partes,
387 2231 471 2296 quae
500 2205 710 2294 lungitudine
738 2207 836 2297 plane
868 2201 933 2268 sihi
962 2225 1096 2292 respon·

100 2309 197 2376 deut:
228 2311 340 2374 ἐκεῖνοι
360 2314 428 2392 μὲν
450 2348 491 2360 -
520 2308 760 2394 γιγνώσκοντεςΙ
777 2312 905 2375 τοιαῦτα
925 2346 965 2361 -·-
986 2307 1097 2394 τυγχά-

101 2439 164 2478 νειν
186 2424 226 2515 §i
257 2412 309 2476 ε’ἀν
332 2415 364 2478 δι’
384 2453 425 2464 -
447 2419 569 2502 κροτῶν
593 2413 599 2498 Ι
626 2415 695 2481 οὐδὲ
715 2456 757 2466 -
786 2414 983 2496 ἀποτρέπειν,
1028 2414 1095 2482 nisi

101 2517 386 2610 quudutrcbique
418 2520 513 2586 alteri
540 2522 622 2609 parti
651 2519 785 2587 brevius
806 2507 1012 2601 membrum,
1055 2515 1096 2580 ad

101 2623 294 2688 sententiam
310 2645 377 2686 non
392 2622 490 2714 plane
505 2625 739 2710 necessarium,
755 2625 915 2714 adjectum
922 2634 995 2690 ‘csta
1019 2623 1091 2702 hic:

103 2726 179 2801 ὥςιε
199 2721 432 2805 -’-,προςιΙιιει,
462 2725 534 2788 illic
554 2730 648 2788 ταῦτα
668 2728 727 2810 γὰρ
749 2762 789 2774 -
810 2726 972 2808 τεκμήρια.
1028 2723 1095 2788 Sed

97 2829 168 2915 jam
200 2819 262 2892 ‘has
302 2823 510 2892 secundariae
552 2849 681 2917 quoque
717 2836 825 2916 partes
861 2828 1093 2914 inspiciamusa

100 2931 212 2997 εἰιεῖνοι
231 2965 272 2977 -
292 2926 513 3012 γιγνώσκοντες
534 2952 637 3019 aeque
658 2953 695 2995 ac
717 2934 844 2995 τοιαῦτα
870 2969 913 2980 -
942 2928 1095 3015 »προςήκει

99 3047 131 3104 et
156 3035 266 3125 ipsum
296 3033 360 3100 duo
387 3032 531 3099 membra
562 3031 727 3122 continet3
771 3033 884 3099 sedin
913 3033 1012 3098 altero
1033 3033 1093 3100 illo

100 3137 300 3221 accuratius,
335 3135 415 3202 adeo
437 3147 474 3203 ut
494 3136 548 3204 vel
570 3139 714 3227 syllabae
735 3139 849 3240 finales
872 3138 936 3204 sihi
957 3162 1090 3230 respau-

101 3245 214 3310 dcant=
260 3241 372 3334 ἕιιεῒνοι
403 3242 456 3322 μὲν
476 3277 519 3290 -
541 3243 719 3309 ἐπαινοῦσιν
743 3246 750 3326 Ι
775 3243 813 3308 τά
844 3249 898 3327 μὲν
918 3279 959 3292 -
981 3243 1091 3329 yayvoi-
1147 3287 1157 3297 ·

103 3369 228 3419 οιονιες
248 3354 280 3410 et
299 3344 477 3408 ιοιαῦτα-
492 3346 650 3426 νομίζειν
670 3345 676 3430 Ι
693 3351 820 3413 τοιαῦτα
834 3385 877 3398 -
896 3347 1087 3432 τυγχάνειν.

103 3486 143 3498 -
162 3447 237 3513 Jem
263 3447 395 3515 alteram
421 3459 544 3538 purtem
570 3452 697 3541 periodi
724 3453 910 3542 primariam
939 3451 998 3513 ubi
1019 3473 1091 3537 spe·

32 3638 36 3654 ¹
103 3563 244 3632 ctamus,
280 3553 308 3616 si
337 3553 530 3618 discesseris
551 3578 570 3619 a
590 3556 784 3622 brevissima
813 3555 873 3617 ills
893 3551 1016 3640 protasi
1038 3551 1090 3618 ε’ἀι

105 3652 136 3716 δ’
164 3654 232 3734 ἐμοὶ
259 3655 372 3740 πείθῃ,
416 3652 480 3718 duo
502 3655 786 3723 animadvertimus
807 3654 879 3719 cola
901 3663 934 3719 et
954 3679 1088 3725 numero
1168 3678 1171 3691 ¹

103 3755 272 3825 verborum
294 3763 326 3819 ct
347 3763 506 3821 structura
533 3759 629 3847 plane
659 3739 803 3848 congrua
834 3762 1026 3845 πρῶτονμὲν
1045 3806 1087 3816 --

102 3858 244 3948 spantia!
263 3857 395 3926 οὐδὲ-
417 3858 596 3946 ἀποτρέπειν
602 3891 613 3941 ,·
659 3872 828 3952 utrumque
854 3863 939 3928 illud
968 3876 1000 3931 et
1020 3869 1087 3957 pri·

104 3967 232 4034 mariam
260 3961 331 4047 (οὐκ
356 4000 394 4014 -
428 3967 594 4048 ουνεόομαί
615 3990 665 4031 σοι
692 3967 698 4051 Ι
724 3964 798 4031 ἀλλά
825 4004 866 4020 --
896 3966 1027 4034 ἔσεσθαι
1054 3983 1086 4038 et

105 4073 170 4141 οὐδὲ
186 4063 228 4128 έ-
249 4069 467 4156 ἀιαιροάμενος
489 4065 496 4154 Ι
522 4067 597 4135 ἀλλά
618 4108 658 4120 -
680 4070 872 4153 ποιούμενος)
895 4081 1030 4162 atquae
1052 4075 1085 4139 ei·
