3016 5444
172 535 277 590 certae
308 522 450 589 rationes
481 537 563 612 quae
590 519 680 588 inter
716 523 863 598 homines
898 526 1055 618 quosdam
1091 526 1152 602 lln-

172 640 292 718 guntur
313 627 552 694 intercessisse.
608 626 705 709 ,Quae
725 627 866 695 rationes
886 633 999 719 quales
1018 629 1153 713 fuerint,

170 741 293 798 tantum
314 733 426 816 abest,
458 740 533 795 uta
555 730 651 796 nobis
673 733 767 798 facile
789 735 1016 822 expediantur,
1044 746 1081 801 ut
1100 740 1170 806 vot,
1241 765 1243 772 ’

168 835 262 902 illins
290 835 404 904 aetatis
430 831 587 918 lectores,
630 845 739 924 utpote
760 837 795 902 iu
817 837 891 904 licta
912 839 1153 925 declamatione,

166 938 334 1013 latuerint.
392 939 507 1029 Neque
527 963 622 1022 vero,
660 955 742 1028 quac
763 943 862 1027 hujus
883 939 1018 1010 vitiosae
1039 945 1153 1010 oratio-

167 1069 249 1108 num
270 1043 391 1110 indolis
412 1044 645 1126 consuluerit,
667 1043 841 1133 quisquam
861 1046 1058 1134 perspiciet,
1087 1047 1154 1116 nisi

168 1147 230 1236 qui
252 1148 395 1214 statuerit
415 1147 548 1237 Lysiam
567 1147 675 1238 priore
696 1149 753 1216 illa
773 1159 894 1234 aetate,
922 1139 1153 1220 obscuritatem

170 1252 329 1343 quandam
349 1255 533 1337 affectasse,
574 1252 642 1324 sive
660 1263 853 1329 commotum
872 1253 969 1323 illum
989 1255 1153 1323 excitandi

168 1355 323 1434 lectorum
350 1357 474 1425 animos
504 1356 632 1439 studio,
675 1355 744 1423 sive
773 1356 962 1424 subtilitatis
988 1381 1151 1453 aucupan-

166 1469 230 1526 tcrn
267 1461 409 1549 speciem
440 1470 538 1550 atque
569 1457 757 1546 sapientiae.
818 1459 933 1550 Neque
957 1486 1029 1530 esse
1056 1479 1149 1553 puto,

164 1561 223 1652 qui
254 1586 333 1628 casu
360 1565 483 1630 factum
512 1585 586 1628 csse
621 1572 801 1644 censeant,
843 1573 881 1630 ut
913 1564 1019 1634 eidem
1054 1570 1148 1636 eroti-

158 1689 222 1751 cus
263 1667 426 1736 obnoxius
466 1675 553 1730 esset
596 1665 781 1753 vituperio,
837 1678 923 1734 certe
964 1669 1151 1760 quicunque

163 1770 315 1837 eximiam
337 1769 486 1836 Platonis
507 1781 624 1853 artem,
656 1795 738 1859 qua,
770 1793 982 1862 quaecunque
1005 1775 1150 1864 scripsit,

163 1873 205 1938 de
229 1875 320 1958 justa
341 1896 436 1939 causa
462 1877 523 1956 boc
550 1873 647 1940 illove
674 1873 879 1964 potissimum
906 1879 1002 1944 modo
1024 1904 1151 1971 compa·

163 1988 380 2066 ramessem,
420 1981 522 2070 probe
541 1984 726 2071 perspexit,
770 1985 850 2072 quin
870 1985 905 2050 id
926 2009 1075 2074 quoquc,
1108 1989 1149 2055 de

164 2105 230 2172 quo
251 2085 489 2172 disceptamus,
522 2086 563 2150 de
583 2085 783 2154 industrii·a
803 2089 942 2154 Platone
962 2089 1148 2164 institutum

162 2187 223 2268 sit,
247 2211 313 2252 non
335 2187 508 2254 dubitabit.
573 2189 648 2272 Quo
669 2190 811 2280 denique
840 2192 869 2258 si
891 2192 1015 2258 accedit
1042 2194 1147 2283 ipsius
1220 2277 1223 2288 ἱ

92 2279 95 2288 ’
159 2290 309 2358 Platonis
334 2292 433 2377 hujus
454 2291 575 2378 Lysiae
603 2289 810 2376 obscuritatis
831 2294 1044 2382 vituperatio,
1079 2319 1150 2370 uon,
1207 2347 1212 2358 .

158 2393 292 2484 quidem
321 2395 443 2461 verbis
467 2395 524 2462 illa
559 2421 737 2486 expressa,
780 2398 994 2468 nibilominus
1024 2409 1145 2485 nmen,

159 2523 262 2587 quum
284 2499 466 2566 narratione
488 2501 664 2590 praemissa
686 2505 740 2593 (p.
765 2499 842 2586 237,
863 2503 919 2570 b.=
946 2501 984 2581 ἦν
1006 2505 1084 2570 οὕτω
1106 2507 1144 2584 dr)

157 2605 232 2678 παῖς
252 2629 282 2667 κ.
304 2629 331 2666 τ.
356 2607 399 2685 λ.)
429 2627 519 2692 quo,
549 2629 632 2697 qnae
661 2609 1066 2694 sequerenmrreferenda
1094 2634 1144 2680 cs·

160 2716 245 2787 sent,
275 2706 466 2788 ostenderit,
494 2717 602 2792 aperte
621 2706 776 2792 indicata,
797 2710 903 2785 omnis
924 2713 996 2783 tolli
1017 2712 1145 2788 videtur

160 2809 345 2892 dubitatio,
389 2811 470 2898 quin
498 2809 585 2899 quod
619 2811 797 2902 utriusque·
819 2815 975 2886 orationis
1003 2819 1147 2894 vidimus,

158 2913 346 3003 proprium,
385 2914 462 3000 jure
496 2937 569 2980 meo
600 2913 804 3001 repetiverim
840 2939 880 2981 ex
906 2940 994 2982 more
1022 2919 1142 3006 Lysiae

157 3029 254 3108 atque
277 3017 525 3084 consuetudine.
589 3016 654 3082 Sed
675 3017 738 3087 alia
761 3031 961 3108 quoquetest
981 3022 1140 3112 quaestio,
1201 3049 1206 3060 ·

155 3125 246 3190 illam
274 3121 378 3214 dieo,
411 3147 493 3214 quac
521 3124 561 3187 ad
592 3123 706 3188 erotici
741 3111 875 3189 formam
903 3135 1045 3214 spectat,
1069 3120 1142 3194 ”cui

156 3228 235 3292 baec
256 3227 361 3316 ipsa,
405 3251 486 3314 quae
518 3225 662 3293 Socratis
698 3229 834 3293 orationi
867 3232 1043 3318 praemissa
1077 3245 1138 3316 est,
1261 3235 1292 3334 'q

157 3331 258 3397 oratio
295 3329 493 3396 dirimendae
533 3331 731 3397 inserviebat
767 3341 863 3427 atquc
901 3333 1136 3425 dijudicandae.

155 3435 238 3503 Nam
261 3461 359 3526 quum
388 3434 423 3499 in
450 3447 585 3527 utraque
614 3449 646 3501 et
665 3435 786 3528 Lysiae
808 3447 840 3502 et
860 3436 1002 3514 Socrntis
1022 3440 1138 3514 oratio·

156 3564 212 3623 ne,
233 3561 297 3630 quo
318 3550 422 3627 cetera
444 3540 630 3608 discrimina
649 3542 754 3634 erupis
776 3552 983 3630 apparerent,
1006 3543 1138 3622 eandem

125 3657 128 3664 “
156 3644 192 3708 in
212 3644 400 3709 uuiversum
421 3644 589 3709 Platonem
612 3667 757 3720 servasse
778 3646 915 3718 formam.
934 3644 1137 3733 statucudrqn

155 3749 317 3824 videatur,
347 3746 442 3810 etiam
463 3769 545 3834 quae
568 3744 933 3842 Lysiae'perbibcatur,
962 3749 1136 3838 prationpffl

155 3861 286 3943 apparet
315 3835 616 3920 allocutionem
647 3850 757 3937 potius
788 3872 882 3932 esse,
925 3875 1019 3950 quam
1052 3881 1134 3944 qppo

156 3957 324 4048 Spengelii
352 3957 402 4022 est
427 3953 586 4022 sententia
600 3955 628 4036 ³)
635 3998 647 4038 ‚
685 3952 877 4042 epistolem,
916 3953 955 4034 id
979 3959 1068 4044 qued
1094 3961 1133 4025 de

151 4073 213 4171 *3)
246 4125 316 4172 τεχν.
334 4073 427 4177 ιιυνοιγ.Ι
440 4123 466 4176 ρ,
486 4109 554 4174 125,
586 4106 631 4162 cri
648 4103 831 4176 adstipulatur
848 4105 1003 4163 lloelsc-her
1024 4127 1051 4181 p,
1070 4079 1140 4170 123(

868 4323 885 4366 's
