3016 5444
560 1143 567 1159 Ι
662 999 664 1007 ’
728 1035 900 1139 caput
916 1025 1183 1174 'alteruma

872 1259 1037 1276 m

465 1485 711 1618 Quamquam
748 1541 789 1584 ex
820 1515 899 1606 Gap.
931 1515 959 1581 l.
992 1526 1138 1584 constare
1173 1513 1323 1597 videtur,
1367 1516 1456 1580 mul-

464 1639 525 1712 ta,
565 1650 648 1717 quae
680 1623 836 1713 epitaphii
876 1621 1006 1711 propria
1041 1621 1135 1706 sint,
1176 1642 1216 1685 cx
1249 1618 1458 1709 eloquentiae

465 1732 538 1814 ejus
571 1726 685 1791 aetatis
727 1723 837 1787 indole
868 1734 965 1810 atque
1005 1737 1119 1789 natura
1148 1724 1336 1814 explicanda
1367 1747 1457 1804 esse,

461 1832 529 1916 jam
561 1849 673 1921 meum
699 1835 750 1892 est
779 1823 941 1913 probare,
984 1826 1119 1914 Lysiam
1151 1853 1300 1920 quoquc,
1343 1840 1459 1917 utpote

466 1927 562 1997 Tisia
596 1927 803 2018 eloquentiae
837 1931 1044 2017 praeceptore
1072 1955 1192 2016 nsum,
1234 1936 1334 2022 hujus
1362 1935 1458 2000 indo-

394 2064 396 2072 ’
464 2038 510 2104 lis
538 2035 788 2127 haudquaquam
819 2042 983 2121 expertem
1012 2033 1145 2116 luisse,
1188 2058 1297 2122 neque
1331 2039 1462 2104 Siculo*

466 2166 537 2210 mm
568 2149 702 2222 artem,
745 2136 807 2204 etsi
834 2135 1018 2202 Atticorum
1047 2147 1207 2202 oratorum
1237 2139 1345 2204 studio
1377 2152 1462 2207 tem-

465 2256 629 2336 peratam,
669 2241 885 2332 repudiassc3
926 2250 958 2305 et
980 2241 1077 2305 simul
1097 2240 1260 2306 reddenda
1280 2241 1341 2306 erit
1361 2245 1463 2328 r'atio,

467 2347 525 2438 qui
551 2350 672 2413 lactum
702 2345 769 2428 sit,
811 2353 849 2407 ut
868 2342 1082 2408 diversissimi
1109 2353 1143 2410 et
1162 2343 1281 2409 coloris
1309 2354 1341 2408 et
1364 2367 1462 2432 prac-

470 2451 607 2518 stantiae
636 2449 748 2516 eatlem
775 2457 878 2514 aetate
904 2447 1066 2514 orationes
1087 2448 1329 2538 conscripserit.
1394 2448 1464 2512 Ne-

434 2611 437 2616 ,
471 2580 536 2646 que
553 2578 633 2651 *vero
656 2551 788 2629 dubito,
827 2549 909 2639 quin
929 2560 1017 2616 reete
1036 2575 1105 2617 rem
1133 2552 1178 2617 ita
1198 2551 1390 2636 instituam,
1413 2565 1466 2617 'ut

469 2657 658 2741 rationem,
690 2680 754 2746 qua
775 2664 875 2722 artem
898 2678 988 2721 suam
1009 2666 1174 2746 tantopere
1194 2656 1373 2723 excoluerit
1392 2658 1467 2744 Lp-

471 2761 558 2844 sias,
586 2759 770 2826 accuratius
789 2741 1039 2846 perpendamus.
1063 2796 1105 2808 -
1146 2759 1326 2826 Historiam
1344 2760 1465 2849 igitur,

281 2871 292 2900 ‘
416 2865 421 2886 “
471 2873 509 2928 ut
527 2862 573 2928 ita
588 2861 713 2941 (licam,
735 2859 865 2949 ingenii
880 2860 1021 2942 oratoris
1036 2883 1077 2926 ex
1091 2860 1174 2952 ipsis
1189 2863 1261 2949 ejus
1275 2886 1467 2928 monumen-

470 2970 517 3033 tis
547 2976 774 3046 enarraturus,
819 2963 900 3027 duas
931 2962 1067 3027 oratoris
1094 2973 1213 3027 aetates
1242 2987 1315 3027 esse
1344 2976 1466 3049 statuo,

472 3071 604 3135 alteram
636 3065 768 3156 quidem
796 3087 880 3152 quae
905 3057 1161 3154 ¹comprehendat
1198 3064 1283 3132 illud
1321 3077 1466 3160 tempus,

475 3170 564 3261 quod
583 3181 634 3235 est
654 3193 761 3260 usque
782 3170 824 3235 atl
845 3169 901 3236 01.
923 3168 1051 3252 XCIV,
1070 3167 1115 3252 2,
1153 3193 1218 3260 quo
1239 3195 1325 3238 anno
1346 3177 1466 3241 oratio·
1487 3159 1488 3174 ἵ

474 3298 550 3341 nem
569 3275 606 3339 in
626 3274 873 3342 Eratosthenem
892 3273 1025 3359 habuit,
1054 3275 1206 3360 alteram,
1239 3276 1275 3341 in
1297 3301 1393 3366 quam
1415 3279 1467 3344 in-

475 3380 589 3447 ciduut
608 3379 729 3471 reliqui
749 3379 828 3444 anni
848 3378 970 3466 Lysiae
985 3379 1024 3463 ¹).

561 3481 628 3549 Sed
654 3481 845 3571 priusquam
872 3479 913 3544 ad
939 3479 1044 3568 ipsam
1070 3481 1189 3570 prioris
1210 3478 1322 3548 aetatis
1345 3484 1469 3552 deseri·

477 3590 621 3678 ptioaem
648 3585 818 3670 accedam,
848 3607 1011 3674 quaenam
1034 3583 1065 3650 ei
1092 3587 1336 3675 cognoscendae
1362 3588 1470 3656 inscr-

478 3693 567 3756 viant
587 3692 770 3773 orationes,
811 3688 1003 3756 indicandae
1024 3689 1185 3756 videntur.

563 3790 674 3878 Atque
701 3795 841 3884 primam
869 3793 1001 3884 quidem
1028 3796 1092 3861 huc
1119 3795 1248 3879 refero,
1291 3796 1473 3865 orationem

481 3891 597 3959 Νικίου
640 3891 787 3978 ἀπολογία
828 3897 1043 3988 inscriptam,
1086 3921 1169 3988 quae
1209 3897 1354 3988 quamvis
1397 3902 1473 3994 ipsa

485 4026 643 4044 w

517 4102 546 4174 1>
581 4108 672 4179 liujus
688 4106 838 4167 divisionis
857 4113 981 4172 mannes
1001 4130 1026 4172 v.
1052 4117 1075 4184 5.
1091 4115 1111 4172 ³
1126 4112 1189 4172 init.
