3016 5444
368 339 410 406 16

368 482 510 553 somus
540 483 711 570 oratione,
753 505 854 576 mum
886 494 1017 576 propter
1044 483 1228 555 universam
1262 485 1355 551 illam
1447 473 1450 480 ¹

365 588 600 674 narrationem,
627 601 695 656 turn
715 601 847 681 proptor
867 613 923 672 ea,
955 613 1037 680 quae
1059 589 1204 678 proxime
1225 600 1355 658 antece·

366 692 448 756 dunt
467 693 588 760 verber
623 693 705 780 ἔλεγέ
717 719 754 772 Ιτε
773 695 850 772 ὦδε,
886 717 927 760 ne
948 694 1026 760 licet
1047 691 1179 782 quidem
1196 689 1354 758 dubitari.

363 793 480 886 Neque
494 797 580 864 alius
592 797 714 866 indolis
728 807 778 864 cst
790 809 899 864 octava
914 797 970 862 illa
982 783 1098 880 oratio,
1119 803 1228 887 quam,
1249 817 1354 887 quum

364 921 433 965 non
453 900 658 989 injudicio,
702 901 787 981 sed,
821 910 858 980 nt
877 910 964 966 certe
984 900 1137 990 fingitur,
1173 924 1279 967 eoram
1299 921 1354 981 eo,

366 1027 508 1094 quocum
527 1027 580 1069 res
601 1003 756 1091 agebatur
777 1013 809 1067 et
830 1003 1025 1098 quibusdam
1046 1004 1160 1070 amicis
1181 1003 1290 1070 habita
1311 1001 1356 1067 sit

365 1105 573 1175 allocutionis
593 1105 723 1194 potius,
758 1128 855 1194 quam
871 1105 981 1192 justae
1000 1105 1157 1172 orationis
1171 1110 1199 1187 ⁴)
1219 1108 1356 1172 formam

365 1208 671 1292 retinendorum,
694 1208 783 1290 unde
799 1207 933 1296 Lysiam
954 1231 991 1274 ea
1011 1217 1113 1273 aetate
1133 1207 1170 1272 in
1191 1204 1357 1294 ejusmodi

345 1395 348 1406 1
365 1310 471 1403 magis
489 1311 626 1378 ludicris
642 1310 846 1395 elaborasse,
880 1315 976 1402 qnam
996 1313 1031 1378 in
1048 1311 1202 1398 judiciali
1223 1335 1357 1401 operam

366 1420 544 1486 collocasse
561 1438 698 1507 genere,
716 1415 792 1501 jure
810 1425 922 1482 nostro
938 1415 1123 1506 colligimus
1137 1420 1185 1498 ⁵)3
1213 1414 1249 1479 id
1265 1412 1357 1504 qnod

364 1521 553 1590 testimonio
575 1520 653 1602 illo,
680 1519 842 1585 orationes
863 1518 1052 1602 amatorias,
1081 1519 1235 1607 epistolas
1257 1528 1289 1587 et
1309 1515 1355 1582 si-

366 1629 459 1697 milia
472 1632 524 1712 θ),
562 1647 643 1714 quas
664 1621 834 1686 maximam
856 1621 987 1709 quidem
1008 1631 1129 1710 partem
1149 1622 1248 1708 hujus
1268 1620 1357 1708 prio·

365 1735 414 1799 ris
435 1731 548 1798 aetatis
569 1726 691 1809 lralreo,
723 1749 743 1789 a
762 1722 865 1812 Lysia
886 1727 1082 1815 compositas
1104 1723 1195 1810 csse,
1234 1720 1358 1792 firmari

366 1834 505 1900 videtur.
536 1865 578 1878 -
632 1826 783 1890 Ceterum
811 1826 967 1891 eroticum
996 1829 1054 1916 qui
1068 1892 1069 1896 ,
1082 1831 1202 1898 dicitnr
1230 1831 1270 1897 ab
1298 1831 1355 1914 iis,

367 1936 425 2028 qni
451 1958 518 2000 non
543 1929 585 1997 ad
605 1931 779 1996 Platonem¹
804 1928 877 2014 ejus
901 1930 1061 2017 originem
1088 1937 1253 2019 referunt,
1297 1936 1358 2002 scd

368 2040 522 2134 genuinis
545 2037 665 2127 Lysiae
685 2027 903 2101 monu'mentis
924 2057 997 2098 eum
1018 2047 1210 2118 accensent,
1232 2040 1268 2102 in
1287 2042 1357 2125 opi.

369 2145 463 2213 stolis
479 2141 610 2225 haberi,
632 2163 698 2205 non
719 2150 770 2204 est
790 2137 879 2228 quod
898 2137 1068 2222 miremur3
1097 2161 1197 2227 quum
1218 2141 1354 2207 formam

307 2287 313 2300 ·
367 2251 410 2317 ad
430 2249 638 2340 epistolarum
657 2243 801 2308 indolem
830 2244 976 2333 proxime
996 2241 1171 2327 accedere,
1212 2233 1353 2336 lor-gion.

369 2353 445 2419 dum
466 2351 612 2418 videatur
633 2345 821 2435 Spengelio.
886 2343 1001 2433 Neque
1029 2368 1105 2412 vero
1135 2348 1195 2412 hae
1220 2347 1291 2438 ipsa
1312 2349 1380 2432 des

368 2477 467 2521 causa
488 2450 734 2518 scholiastae-um
755 2461 816 2513 etc.
839 2447 1035 2514 testimoniis
1049 2452 1076 2531 7)
1097 2450 1274 2541 quidquam
1293 2455 1355 2520 tri.

364 2559 503 2626 luerim.

449 2663 565 2729 Restat
598 2662 692 2748 jam,
734 2671 773 2726 nt
804 2684 900 2751 quam
933 2658 1060 2726 tertiam
1090 2662 1246 2728 oratoriae
1275 2662 1354 2729 artis

366 2777 490 2859 purtem
517 2763 719 2856 quaestionis
744 2775 874 2830 nostrae
900 2786 974 2830 esse
1002 2765 1098 2832 statui
1129 2768 1353 2860 respiciamus,

367 2897 529 2911 *un-..n-

312 2989 317 3001 ·
437 2963 496 3020 Vel
515 2962 558 3017 sie
580 2971 670 3018 tamen
693 2965 748 3018 hae
765 2980 820 3018 non
838 2965 1001 3034 pertinere,
1036 2942 1108 3036 quae
1125 2969 1275 3026 Haenisch.
1295 2973 1315 3028 Ι.
1331 2975 1353 3029 Ι.

434 3063 464 3117 p.
482 3049 517 3102 3⁰
539 3049 576 3102 de
602 3050 756 3120 prooemiis
778 3052 883 3123 Lysiae
906 3050 1110 3123 disputaverit,
1145 3060 1268 3115 ostendit
1284 3063 1354 3118 We-

435 3144 581 3193 stermunn.
617 3141 727 3196 Quaest.
746 3141 827 3197 Dem.
844 3142 883 3196 11.
913 3158 940 3211 p.
958 3143 1000 3197 st.
1028 3159 1055 3195 n.
1074 3147 1117 3201 3³.

404 3248 432 3315 l)
467 3245 568 3303 Simile
591 3250 646 3315 J'am
672 3249 810 3304 Reiskius
837 3248 902 3303 tulit
922 3249 1056 3317 judicium
1084 3267 1112 3322 p.
1129 3253 1187 3310 286.
1226 3257 1353 3312 »Constat

436 3353 491 3390 noo
507 3337 661 3390 orationem
680 3340 816 3404 forensem
832 3337 983 3406 lanceare,
1001 3343 1050 3396 aed
1065 3342 1211 3412 epistolam
1228 3363 1275 3400 aea
1291 3350 1352 3414 for-

333 3489 336 3494 ,
437 3427 542 3482 mulam
559 3429 757 3484 rmuatiaodue
774 3429 952 3499 amicitiast,
988 3432 1061 3511 unde
1077 3432 1224 3504 Spengeiii
1243 3445 1353 3492 senten·
1446 3493 1447 3498 ,

436 3517 496 3584 tia,
522 3517 734 3604 enercitationis
751 3533 833 3574 caasa
849 3518 1034 3591 conscriptam
1052 3537 1134 3590 esse,
1161 3523 1293 3580 firmatur.

403 3627 431 3696 t)
467 3629 524 3684 cfr.
543 3629 710 3685 Hoelscher.
735 3645 763 3700 p.
781 3629 841 3688 ΗΒ.

404 3735 433 3801 6)
467 3731 587 3804 Dionys.
605 3737 625 3792 l.
641 3738 662 3794 l.
680 3753 705 3795 e.
723 3740 750 3794 1.

404 3839 433 3908 7)
468 3831 527 3894 cfr.
545 3835 666 3898 Photias
692 3861 720 3913 p.
738 3845 797 3902 498.
813 3871 848 3886 ·-
880 3843 928 3901 De
952 3855 1116 3906 nontamen
1139 3851 1258 3924 epistola
1274 3811 1352 3910 'ama-

439 3927 514 3982 toria
539 3936 664 3995 constat,
697 3947 800 3988 summ
821 3941 911 3991 aetate
933 3935 1055 4007 alaysia
1076 3939 1259 4010 conscriptam
1282 3959 1350 4002 esse.
1444 3987 1445 4008 .

440 4014 572 4088 Spengel.
594 4033 622 4092 p.
639 4017 698 4078 124.
725 4035 753 4077 o.
769 4024 812 4080 6³.
