3016 5444
26 1430 177 1567 Quum
201 1496 241 1542 ex
261 1485 404 1542 vetemm
424 1468 622 1540 testimoniis
643 1473 790 1551 constet,
823 1468 1011 1559 antiquitate

12 1573 89 1661 'jam
109 1577 227 1644 multas
249 1579 410 1646 orationes
432 1574 563 1662 Lysiae·
582 1571 714 1637 nomine
736 1572 938 1638 circumlatas
959 1597 1015 1638 cx-
1113 1589 1115 1594 ·

26 1680 150 1748 stitisse
165 1679 216 1770 ¹),
251 1686 463 1769 rhetoresque
480 1678 550 1764 jam
570 1674 823 1764 inquisiverint,
859 1697 1016 1764 quaenam

24 1777 187 1852 orationes
211 1786 373 1874 genuinae
396 1791 526 1862 essent,
558 1797 640 1868 quae
663 1777 869 1865 subdititiae,
902 1780 1014 1847 tecen-

24 1888 119 1955 tioris
148 1889 262 1955 aetatis
282 1885 359 1952 VV.
381 1883 456 1950 DD.
480 1881 676 1972 epitaphium
698 1905 827 1974 quoque
857 1881 919 1948 sub
941 1903 1014 1948 exa·

24 2015 102 2056 men
123 2002 297 2072 vocarunt,
320 2011 380 2054 nec
402 1987 592 2070 defuerunt,
615 1983 674 2076 qui
694 1986 777 2052 banc
799 1985 976 2052 orationem
996 2009 1018 2052 a

25 2095 128 2182 Lysia
149 2093 369 2180 abjudicarent
382 2095 423 2179 ἲ).
478 2089 625 2174 Quorum
647 2089 684 2154 in
705 2107 841 2154 numero
862 2086 900 2152 (Γ.
923 2088 1015 2153 Val-

25 2195 218 2262 clrenarii
240 2207 272 2261 ct
291 2195 331 2260 F.
354 2197 398 2260 A.
422 2194 575 2264 Wolfii
596 2193 729 2260 nomina
751 2195 905 2260 eminent.
935 2193 1016 2259 .Sed
1118 2217 1121 2224 ·
1162 2165 1165 2174 .

25 2323 127 2388 quum
148 2299 200 2365 illi
222 2322 334 2368 omnes
357 2299 436 2365 satis
458 2297 600 2366 breviter
626 2308 658 2364 et
684 2309 837 2389 tanquam
858 2299 894 2364 in
913 2309 1017 2364 nans·

6 2403 75 2469 ‘itu
103 2405 143 2470 de
172 2406 232 2470 bac
257 2429 309 2470 re.
324 2403 490 2486 dixerint,
532 2389 716 2491 nuperrime
738 2403 960 2470 Hoelseberus
981 2403 1017 2468 in

6 2505 138 2586 :libro,
182 2527 279 2595 quem
300 2507 495 2596 conscripsit
520 2507 584 2572 »de
603 2507 668 2572 rita
690 2518 722 2573 ct
744 2507 874 2598 scriptis
895 2507 1018 2598 Lysiae

6 2601 187 2682 {oratorisa
216 2635 248 2700 p.
270 2613 362 2677 47-
375 2613 446 2696 54,
489 2610 639 2700 uberiore
680 2613 895 2700 explicatione
933 2614 1017 2678 banc

24 2713 251 2802 quaestionem
272 2715 404 2802 dignam
424 2714 562 2796 babuit,
605 2716 853 2806 rationibusque
880 2714 1018 2786 ab'aliis

23 2817 137 2880 allatis
159 2837 242 2880 nora
263 2817 440 2904 quaedam,
463 2815 585 2903 quibus
605 2818 689 2879 banc
710 2819 887 2882 orationem
907 2820 1019 2884 imme·

22 2921 94 2988 rito
113 2919 270 3010 Lysianis
298 2917 463 2986 accenseri
491 2917 676 3001 evinceret,
720 2930 908 3005 argumenta
934 2917 1020 3005 adje-

25 3025 86 3092 eit.
111 3057 153 3070 -
891 3039 894 3044 '

115 3125 272 3210 Quamvis
288 3123 576 3192 Valckenariorum
594 3120 857 3218 Woliiorumque
878 3136 915 3191 ut
935 3107 1021 3215 apdd

26 3252 163 3312 omnes,
183 3227 237 3294 'ita
260 3229 345 3319 apud
365 3253 416 3295 mc
436 3230 612 3321 plurimum
630 3231 735 3298 valeat
756 3231 946 3314 auctoritas,
973 3241 1019 3298 ta·

26 3357 105 3400 men
127 3356 202 3423 quo·
214 3333 342 3424 saepius
362 3334 560 3423 epitaphium
580 3333 783 3426 relegebam,
811 3329 981 3404 eominus
1002 3359 1021 3400 a

27 3461 83 3503 me
104 3433 274 3528 impetrare
295 3433 413 3528 potui,
458 3436 539 3530 quin
560 3441 751 3506 contrariam
774 3459 927 3532 sequerer
949 3463 1021 3504 sen·

28 3542 178 3618 tentiam,
201 3563 378 3633 corumque
399 3552 515 3608 starem
536 3544 735 3634 apartibus,
758 3543 816 3635 qui
837 3533 920 3606 hanc
942 3559 1022 3629 quo·

29 3674 200 3692 ‚na-⁶·—

65 3743 96 3806 1)
131 3731 217 3788 Dion.
243 3730 335 3791 Halic.
359 3735 446 3804 judic.
474 3736 509 3789 dc
532 3733 601 3807 Lys.
629 3756 653 3796 c.
672 3725 726 3794 12:
760 3727 882 3794 Hottov‘a
898 3725 951 3806 ἤδη
967 3735 1022 3792 τῶν

101 3817 308 3892 ἐπιφερομένων
330 3819 367 3876 sis
384 3818 466 3878 αότόν
483 3817 569 3894 λόγων
593 3857 630 3876 -,
650 3815 820 3881 dannatione
841 3842 871 3879 rs
900 3831 945 3880 arat
965 3830 1021 3898 βα-

103 3903 226 3974 σανίσας,
256 3898 336 3978 εὖρον
351 3903 397 3964 cain
415 3903 492 3966 dnos
505 3913 621 3974 ‘Aeolon
657 3907 718 3970 Cir.=
735 3931 759 3968 c.
780 3913 810 3970 lt
828 3905 875 3971 fin.

68 3999 99 4066 2)
134 3995 270 4054 Virorum
288 3997 432 4053 doctorum
450 4001 561 4055 nomine
578 4011 606 4057 et
628 4001 707 4060 locos
734 4007 787 4059 huc
809 3997 981 4078 pertinentes
997 4020 1023 4062 v.

6 4097 10 4108 ·
101 4086 175 4157 apud
194 4087 398 4146 Hoelscheraru
415 4091 435 4149 1.
454 4091 474 4146 Ι.
496 4107 525 4161 p.
543 4093 587 4150 60.
