3016 5444
1077 455 1120 524 ³7

40 607 42 614 ’
135 599 418 688 διαλιλυμμὲνῃ
440 600 542 677 λέξει
561 602 714 683 γίνεται
733 598 774 666 τὸ
795 597 906 678 ἦθος.
929 637 970 654 -
992 602 1059 668 Sed
1080 575 1122 667 ut

129 700 214 767 inter
233 703 326 792 ipsas
344 704 527 788 orationes,
548 703 593 769 ita
612 703 706 769 valde
725 702 972 770 discernendum
994 716 1043 772 cst
1063 706 1117 769 in-

128 817 177 874 ter
198 809 343 874 diversas
372 807 527 874 orationis
547 817 668 896 partes,
691 831 826 896 quarum
844 831 934 872 suam
955 830 1117 897 quemque

129 909 194 974 sihi
217 911 383 1000 requirere
405 910 533 976 dicendi
556 911 734 992 rationem,
769 912 937 1000 quiscat,
981 912 1037 1000 qui
1058 936 1113 978 ne·

127 1016 232 1082 sciat'l
294 1017 390 1082 Licet
416 1040 481 1082 non
509 1024 631 1079 tantum
664 1014 838 1080 discrimen
859 1026 1010 1103 appareat
1030 1016 1115 1080 inter

30 1100 32 1130 ¹
125 1119 296 1209 prooemii,
319 1119 541 1209 probationis,
562 1118 789 1202 refutationis,
812 1120 1035 1186 conclusionis
1054 1140 1114 1208 pe-

127 1222 238 1288 riodos
249 1269 260 1306 ,
303 1247 398 1313 quam
420 1221 557 1287 maxime
575 1232 683 1288 tamen
704 1245 723 1286 a
744 1221 860 1287 ceteris
880 1222 1028 1311 partibus
1049 1225 1113 1289 dil-

24 1361 29 1423 .'
125 1327 189 1393 fert
204 1333 348 1394 narratio
370 1325 558 1412 (διήγησις),·
582 1326 623 1392 al)
644 1327 817 1393 artificiosa
838 1328 1011 1393 verborum
1025 1339 1112 1395 stru-

124 1437 213 1494 ctura
234 1429 277 1494 ita
297 1432 356 1498 illa
377 1431 503 1512 aliena,
545 1439 601 1510 ut,
645 1453 712 1517 quo
740 1430 879 1520 quodvis
899 1444 1108 1516 momentum,

122 1533 187 1622 ipsi
209 1534 326 1601 oratori
349 1531 590 1623 gravissimum,
608 1530 778 1617 judicibus
795 1554 924 1622 qnoque
946 1534 994 1598 sic
1015 1557 1108 1624 appa-

20 1625 21 1634 *
121 1647 211 1714 reat,
245 1637 294 1702 ihi
314 1660 418 1727 paene
439 1635 518 1710 λέξις
539 1635 678 1716 εἰρομένη
701 1634 755 1699 sit.
820 1635 953 1726 Ubique
970 1638 1039 1704 fere
1059 1639 1110 1704 vi·

122 1739 501 1805 demus‘enuntiationes
521 1737 730 1804 brevissimas
750 1738 919 1826 particulis
948 1745 998 1821 δὲ,
1033 1741 1106 1824 γὰρ,

123 1841 159 1917 dri
172 1865 286 1922 nexas,
309 1863 373 1928 quo
384 1839 514 1931 quidem
530 1839 634 1905 effecit
651 1850 770 1924 orator,
789 1853 837 1925 ut,
858 1841 1005 1932 quamvis
1020 1867 1108 1910 sum·
1177 1900 1182 1909 .

13 1979 16 2008 ;
122 1955 250 2011 maartc
267 1949 398 2028 usus-³),
411 1945 517 2010 omnis
527 1942 604 2009 artis
620 1967 735 2032 expers
747 1945 848 2010 solam
856 1946 1023 2014 veritatem
1034 1961 1106 2038 spe-

119 2059 205 2116 ctare
224 2049 402 2132 videretur,
443 2049 583 2139 ideoque
612 2049 758 2115 omnium
790 2065 949 2117 oratorum
980 2053 1106 2119 audiret

119 2153 345 2229 πιθανώτατος.
399 2152 501 2220 Dion.
522 2155 554 2221 8.
579 2152 635 2219 οὐκ
658 2151 720 2218 old’
743 2155 834 2227 εἴτις
856 2152 946 2227 ἄλλος
967 2153 1105 2238 ρητόρων
1230 2219 1233 2230 ,

117 2295 157 2310 --
181 2258 238 2320 εἴτε
255 2257 342 2334 ἥδιον
366 2259 534 2334 συνέθηκεν
555 2258 611 2338 ei'ra
630 2256 854 2341 πιθανώτερον.
917 2281 947 2323 c.
972 2259 1006 2324 9.
1036 2261 1104 2337 διη-

116 2363 251 2444 γουμένῳ
273 2362 305 2424 δὲ
325 2358 476 2438 πιθανή
499 2364 552 2424 καὶ
574 2358 753 2446 ἇπέρίεργος
774 2383 821 2426 sc.
844 2362 864 2438 ἦ
886 2361 975 2438 λέξις.

201 2464 360 2554 Reliquae
381 2464 536 2531 orationis
557 2475 685 2553 partes,
712 2463 791 2531 licet
812 2474 844 2530 et
864 2463 953 2552 ipsae
973 2466 1113 2555 longios
1197 2549 1204 2558 ἱ
1297 2531 1300 2538 ,

116 2568 210 2635 rilaus
238 2568 382 2656 periodis
412 2569 660 2659 haudquaquam
692 2569 877 2654 abundent,
919 2571 964 2637 ita
993 2578 1100 2635 tamen

118 2681 195 2736 sunt
215 2683 431 2760 comparatae,
452 2683 507 2753 ut,
533 2673 687 2759 Lysiam,
713 2674 809 2743 modo
830 2676 1005 2742 consilium
1027 2676 1100 2762 ejus

1 2775 2 2834 ζ
115 2775 241 2857 tulerit,
263 2775 359 2840 etiam
371 2774 522 2839 meliores
540 2783 663 2840 struere
685 2777 819 2842 scivisse
839 2777 1006 2864 periodos,
1023 2779 1100 2862 jure

113 2890 170 2946 tuo
190 2879 268 2947 inde
289 2878 438 2968 colligas.
460 2915 502 2927 -
530 2877 693 2968 Numqui
714 2879 919 2967 antiquorum
941 2888 1100 2974 oratorum

111 2984 149 3050 in
170 2982 404 3072 componendis
422 2979 566 3070 periodis
588 2991 639 3046 est
659 3005 752 3063 mos,
795 2989 833 3044 ut
852 2979 960 3069 ipsum
979 2981 1098 3050 factum

115 3089 212 3178 verbo
247 3087 372 3154 finitum
401 3085 580 3152 indicatum
609 3085 715 3152 statim
742 3085 779 3150 in
809 3083 906 3151 initio
924 3085 1096 3172 collocent,

114 3205 147 3260 et
168 3215 250 3283 quae
271 3193 303 3256 ei
323 3189 532 3280 explicandae
553 3190 768 3268 inservirent,
801 3188 1016 3276 subjicerent,
1055 3193 1096 3258 alr

114 3324 154 3368 eo
173 3298 293 3388 Lysias
310 3297 378 3383 jam
399 3297 500 3362 multo
522 3296 652 3385 saepius
672 3294 812 3378 recedit,
842 3295 1019 3361 sententias
1040 3320 1094 3362 ex-

110 3403 243 3495 plitives
271 3399 339 3468 sive
365 3399 554 3490 particulis,
580 3411 618 3468 ut
637 3398 767 3480 ἐπειδὴ,
789 3423 852 3492 qua
874 3399 993 3488 Lysias
1015 3399 1094 3468 satis

107 3578 268 3590 ι--αη-υ

147 3681 177 3746 3)
211 3677 298 3733 Dion.
315 3681 342 3734 8.
367 3675 442 3732 tonat
456 3675 507 3746 μὲν
523 3675 575 3748 reip
599 3676 728 3748 ἅποὶηιόε
752 3693 793 3734 τις
813 3675 884 3734 εἶναι
905 3681 950 3732 nal
970 3676 1092 3746 ‹intaxat-

178 3781 269 3820 tectos
289 3760 306 3818 ὅ
327 3761 376 3834 τῆς
398 3761 526 3835 tepulae
542 3765 689 3836 χαρᾶιιτηρ.
736 3773 792 3822 Καὶ
808 3763 841 3820 mi
857 3764 1032 3838 erupturos?
1048 3767 1093 3840 (iv,

178 3853 205 3910 ai
218 3853 285 3908 πᾶσι
301 3854 352 3924 μὲν
367 3856 424 3908 τοῖς
441 3849 560 3908 Itidem
578 3883 610 3897 -
627 3847 760 3920 παράσχοι
777 3851 874 3922 δόξαν,
901 3849 944 3911 ὅτι
959 3853 1089 3928 ‹irenem-

176 3941 275 3998 deiws
299 3970 331 3984 -
357 3939 514 4013 nicopoleos
537 3939 566 3998 δὲ
589 3945 728 4012 curarim.
772 3947 917 4012 πιποίητιιι
940 3939 992 4014 reip
1016 3935 1090 4015 ιιόιῦ

174 4030 253 4087 reiro
270 4029 304 4087 ιδ
320 4027 451 4100 riualem
468 4061 501 4074 -
518 4039 573 4085 ιιιιι
590 4029 625 4086 ἐν
644 4027 729 4102 αὐτῷ
743 4030 788 4103 τῷ
805 4030 850 4104 μή
872 4029 988 4103 donata
1013 4030 1087 4090 διι-

173 4115 234 4175 nte
250 4116 540 4189 naracustoma,
556 4115 594 4175 eo*
613 4117 723 4177 tanta
738 4119 818 4191 ἕχιι.
