3016 5444
124 2993 138 3038 t

1117 592 1162 661 25

181 749 375 810 structuram
403 740 451 830 (p.
473 701 550 824 231,
571 761 601 806 a.
636 737 694 806 ubi
721 739 763 808 ad
784 741 974 810 senteutiam
999 764 1058 832 pro
1087 765 1161 807 σκο-

176 845 290 912 ποῦσιν
311 853 533 935 exspectamus
556 846 757 924 σκοποῦντες,
780 841 1047 933 quemadmodum
1067 867 1161 925 προς·
1276 835 1291 868 '

174 949 310 1024 τιθέντες
333 941 557 1032 dictumest),
601 945 723 1036 triplici
755 950 881 1014 ratione
902 972 972 1015 eam
993 957 1161 1014 assecutus

175 1061 251 1137 est,
294 1064 349 1119 aut
384 1051 596 1134 αείγῖοίααίιζρ,
643 1073 725 1140 quae
761 1049 802 1114 ad
834 1051 1026 1116 seutentiam
1057 1054 1161 1116 minna

177 1168 271 1239 eraut
297 1161 495 1240 necessaria,
537 1166 592 1221 ant
624 1149 831 1241 'relinquendo
860 1163 1101 1222 consentaneam
1129 1165 1162 1222 et

177 1259 257 1329 alibi
277 1259 313 1325 iu
333 1262 393 1324 hac
415 1261 485 1349 ipsa
511 1257 656 1326 oratioue
684 1267 840 1324 servatam
864 1259 1031 1326 verborum
1062 1247 1162 1326 οοίίο-

177 1367 348 1445 cntionem,
388 1375 443 1428 aut
470 1363 666 1447 opponendis
691 1361 869 1445 membris,
906 1365 982 1428 licet
1006 1369 1165 1430 sententia

173 1465 256 1528 nihil
276 1470 434 1532 contraria·
460 1469 631 1532 contineat.
696 1463 843 1546 Quorum
874 1489 1028 1554 generum
1054 1488 1161 1532 exem·

173 1569 229 1659 pla
249 1571 396 1652 afferam,
419 1591 517 1658 quam
537 1575 671 1655 potero,
692 1565 964 1633 luculentissima.

257 1671 401 1738 Primam
421 1671 598 1754 rationem,
641 1679 696 1753 ut,
741 1695 823 1760 quae
843 1693 910 1736 uon
934 1668 999 1736 sihi
1019 1651 1168 1760 requirat·
1278 1711 1281 1720 ι

177 1777 350 1853 sententia,
373 1775 482 1840 addita
497 1775 575 1857 sint,
597 1774 632 1838 iu
651 1773 705 1838 lis
725 1772 809 1838 loeis
830 1784 910 1862 puto
930 1783 1087 1840 oratorem
1110 1797 1160 1840 se-

176 1885 288 1940 cutum
308 1901 381 1944 esse
400 1903 433 1968 p.
450 1879 525 1962 231,
547 1879 581 1944 lr.
604 1880 668 1952 τοῖς
689 1880 721 1942 δὲ
740 1877 781 1960 μη
804 1877 1007 1964 ε’ραῖσιυοῦτε
1026 1875 1081 1955 τήν
1100 1879 1162 1940 τῶν

178 1980 299 2044 οἰκείων
327 1979 465 2062 οἶμίλειαυ
497 1979 548 2046 διά
581 1984 670 2048 τοῦτο
703 1979 770 2046 ἔστι
806 1985 1160 2067 προφασίζεσθαι,

177 2081 246 2147 οὔτε
280 2081 352 2158 τοάς
388 2082 641 2171 παρεληλυθότας
676 2082 791 2160 πόνους
825 2084 1159 2165 ὑπολογίζεσθαι,

176 2181 245 2252 οὔτε
264 2181 320 2260 τάς
339 2184 420 2268 πράς
446 2186 519 2264 τούς
547 2186 761 2274 προσήκοντας
788 2183 943 2271 διαφοράς
975 2186 1162 2252 αἰτιάσα-

175 2297 293 2367 σθαι,
318 2288 378 2354 ubi
398 2313 501 2355 uuum
522 2293 808 2375 προφασίζεσθαι,
832 2302 869 2355 ut
888 2291 993 2381 magis
1009 2292 1185 2392 generale=

173 2395 272 2462 etiam
293 2417 365 2460 eum
384 2392 498 2469 πόνους
520 2405 552 2460 et
573 2392 729 2482 διαφοράς
761 2393 929 2484 aptissime
951 2394 1052 2484 jungi
1071 2407 1162 2486 pote·

172 2507 236 2566 rat.
258 2498 301 2550 -·‘
328 2489 455 2588 ‘Aeque
476 2498 552 2581 233,
574 2498 608 2563 ίο.
642 2500 859 2584 δυςτυχοῦυτας
886 2502 939 2582 μίν
962 2500 982 2564 ά
1002 2499 1043 2584 μη
1066 2502 1163 2584 λάπην

175 2601 241 2675 τοῖς
272 2599 373 2674 ἄλλοις
399 2601 524 2686 παρέχει
558 2599 672 2685 άυιαρά
700 2604 812 2668 ποιεῖ
835 2606 1031 2687 νομίζειν,
1076 2606 1162 2673 εάτυ-

167 2705 307 2795 ,χοῧντας
336 2704 368 2766 δὲ
397 2705 451 2766 καί
477 2698 515 2764 τά
536 2699 576 2782 μὴ
605 2703 718 2779 ἡδονῆς
739 2693 811 2779 άξια
830 2705 910 2790 παρ’
931 2709 1055 2775 ἐκείνων
1075 2713 1164 2776 ἐπαί-

175 2831 233 2872 νου
267 2801 481 2888 άναγκάζει
509 2800 740 2886 τυγχάνειν,
775 2807 917 2890 oratori,
945 2810 1014 2874 nisi
1036 2835 1161 2878 summo

175 2909 382 3001 aequalitatis
403 2906 512 2974 studio
532 2907 649 2972 duetus
670 2917 776 2989 esset,
813 2908 912 2996 paulo
933 2908 1026 3000 aliter
1045 2911 1162 2982 inflexa

175 3017 343 3099 oratioue,
385 3011 548 3097 ἀναγκάζει
568 3010 725 3098 τυγχάνειν
747 3012 870 3078 licebat
888 3011 1058 3102 omittere3
1100 3042 1162 3087 nee

175 3120 287 3186 miuus
314 3143 347 3208 p.
369 3119 456 3201 232,
478 3141 507 3184 o.
537 3115 610 3192 τούς
637 3119 690 3200 μίν
718 3115 828 3183 οὐσίαν
857 3118 1077 3201 κεκτημένους,
1120 3124 1161 3206 μή

177 3226 317 3314 χρήμασι
347 3224 456 3300 αὐτοῦς
483 3220 802 3308 ὑπερβάλωνται,
846 3221 918 3298 τούς
942 3224 974 3287 tt
1000 3229 1162 3291 πεπαιδευ-

63 3413 69 3420 .
177 3333 304 3417 με’νους,
345 3327 386 3412 μὴ
418 3327 536 3394 συνέσει
565 3328 775 3410 κρείττους
805 3326 1017 3411 γε’νοονται,
1060 3330 1162 3396 είλετο

174 3448 248 3504 utro
268 3433 367 3502 verbo
387 3432 483 3500 facile
505 3455 695 3500 careremus.
708 3469 750 3484 -
768 3431 920 3500 Ceterum
940 3456 1055 3498 omnes
1077 3434 1162 3519 ejus·

176 3541 265 3606 modi
284 3540 350 3605 loci
371 3538 413 3603 ob
433 3547 616 3603 accuratum
636 3535 808 3604 amborum
829 3555 938 3614 usum,
961 3532 1082 3620 Lysiae
1103 3536 1161 3602 im·

176 3642 292 3731 primis
303 3639 469 3727 proprium
482 3662 549 3704 non
559 3639 655 3704 laeile
665 3662 816 3705 nauseam
823 3645 953 3702 movent
960 3633 1160 3724 legentibus.

177 3745 295 3835 Neque
325 3750 432 3806 tamen
457 3741 636 3806 verbositas
666 3742 783 3829 partim
815 3761 856 3804 ex
876 3739 938 3804 hoe
958 3741 1161 3830 aequalitatis

179 3849 309 3932 studio,
352 3846 492 3936 partim,
536 3867 618 3935 quae
644 3844 803 3934 Platonis
823 3853 874 3909 est
901 3845 1077 3931 sententia,
1120 3873 1161 3915 ex

176 3951 392 4022 ostentatione
413 3947 550 4042 quadam
577 3957 652 4016 nata
679 3948 864 4038 philosophi
894 3948 1162 4038 vituperationem

178 4056 302 4148 effugit.
366 4079 400 4146 p·
420 4055 504 4137 235,
526 4078 554 4120 a.
585 4056 639 4118 καί
669 4050 706 4132 δη
734 4047 787 4120 οἶν
813 4078 867 4135 μοι
886 4048 1004 4129 ἔνδοξον
1030 4090 1073 4105 -
1098 4059 1160 4132 δίς

179 4165 247 4227 καί
266 4164 353 4248 τρίς
380 4157 426 4224 τά
448 4157 545 4224 αὐτά
573 4157 779 4245 εἰρηκέναι
800 4159 843 4234 οἷς
863 4155 899 4226 οὖ
920 4155 1000 4224 παντί
1020 4158 1159 4242 εὐπορῶν
