3016 5444
322 465 464 534 <24

426 604 489 669 ἐστι
509 605 877 692 κρεῖττουαγενωνται,
908 611 1043 703 longius
1063 611 1195 680 tertium
1217 610 1464 700 subjicitur:

425 712 486 775 auio
507 710 539 774 δ’
563 711 635 778 ἄλλο
657 738 688 777 τι
708 713 897 796 κεκτημένων
919 713 1039 798 ἀγαθὸν
1065 711 1120 794 cdv
1141 714 1264 798 δύναμιν
1285 715 1465 781 ἑκάστου

428 811 656 897 φυλάττονται.
721 817 875 909 Denique
903 818 1004 883 alium
1031 819 1139 884 locum
1168 821 1279 886 afferre
1307 820 1462 900 liceat,

428 917 471 983 ob
488 917 588 985 nimis
609 917 814 985 artificiosam
835 928 1028 986 structuram
1041 921 1134 988 valde
1147 921 1242 988 illum
1263 946 1462 992 memora-

350 1057 351 1062 *
426 1022 540 1090 bilem.
592 1048 624 1111 p.
646 1023 730 1107 233,
753 1047 805 1088 ea
844 1023 954 1088 ἐκεῖνοι
984 1022 1045 1108 γὰρ
1073 1028 1128 1089 uui
1156 1023 1399 1108 ἀγαπήσουσι
1407 1019 1457 1104 ,J

427 1131 482 1194 ιιαῒ
502 1125 783 1204 ἀκολουθήσουσι
800 1127 805 1212 Ι
825 1132 878 1192 καὶ
896 1129 946 1192 ἐπὶ
963 1126 1018 1204 τὰς
1034 1128 1140 1212 θύρας
1160 1129 1325 1207 ἥξουσι·
1349 1127 1355 1214 Ι
1383 1129 1458 1193 καὶ

318 1263 329 1280 r
400 1230 558 1316 μάλιστα
587 1229 817 1312 ἡσθήσονται
846 1232 853 1315 Ι
885 1236 939 1297 eui
967 1231 1022 1300 ουίι
1059 1235 1218 1318 ἐλαχίστην
1249 1230 1351 1317 χάριν
1398 1231 1458 1294 εἴ·

428 1321 663 1417 σονταιΙιιαῖ
693 1335 790 1402 πολλοὶ
824 1333 929 1420 ἀγαθοὶ
953 1335 1056 1413 αὐτοῖς
1077 1336 1257 1414 εὔξονται.
1328 1333 1455 1418 Quae

428 1458 487 1504 sex
512 1437 546 1500 h.
574 1436 600 1502 l.
628 1436 779 1510 videmus
805 1438 972 1525 membra,
1010 1464 1116 1532 ‘eaque
1143 1441 1203 1506 ita'
1223 1428 1448 1528 comparata,

426 1551 483 1624 ut,
526 1562 627 1628 quum
647 1540 688 1606 ad
711 1543 902 1611 sententiam
924 1555 1073 1634 quartum
1099 1546 1223 1634 primo,
1267 1544 1446 1635 quintum

382 1705 400 1732 ,
430 1643 596 1730 secundo,
626 1653 753 1708 sextum
773 1644 870 1722 tertio
890 1647 1085 1735 respondeat
1103 1649 1241 1738 ejusque
1263 1645 1442 1736 quodam-

427 1746 525 1816 modo
545 1746 820 1812 continuationem
841 1749 1055 1841 effectumque
1077 1752 1262 1836 contineat,
1284 1750 1441 1839 paralle-

428 1849 547 1918 lismus
569 1846 701 1936 quidm
723 1857 755 1912 et
777 1871 922 1916 summus
942 1853 1081 1940 partium
1102 1866 1280 1920 concentus
1302 1854 1438 1918 efficia-

427 1961 500 2034 tur,
520 1949 579 2039 qui
600 1949 732 2039 quidem
754 1949 875 2020 seriore
895 1953 1016 2041 Lysiae
1038 1964 1140 2020 aetate
1161 1957 1335 2022 admodum
1357 1981 1435 2022 me-

428 2052 597 2122 morabilis
617 2054 701 2139 est,
744 2079 856 2122 eorum
881 2056 951 2142 jem
979 2055 1223 2122 terminationes
1264 2056 1424 2138 (·ονσι,

429 2186 561 2240 -ουσι,
610 2180 718 2234 φασι
759 2169 792 2225 et
832 2183 994 2238 -οαται,
1033 2184 1188 2238 -ονται,
1227 2161 1421 2241 -ονται,),

429 2290 498 2334 non
514 2265 635 2340 omnia
655 2256 697 2330 iu
724 2261 837 2329 eidem
864 2261 953 2328 linea
980 2262 1086 2352 posita
1114 2261 1301 2350 accipienda
1318 2249 1421 2346 esse,

428 2368 573 2438 dilucide
593 2366 789 2451 ostendunt3
810 2367 898 2456 quod
919 2366 1026 2450 idem,
1049 2391 1148 2457 quum
1169 2366 1300 2434 tertium
1320 2391 1422 2432 mem·

428 2473 524 2539 hrum
544 2472 810 2555 antecedentibus
832 2471 876 2538 sit
894 2473 1046 2562 longius,
1075 2495 1255 2562 quaerero
1277 2494 1420 2561 sequun-

428 2589 482 2646 tur
502 2562 586 2646 inde¹
600 2603 620 2644 a
640 2589 771 2670 quarto,
793 2578 883 2667 quod
903 2579 999 2644 tertio
1020 2581 1117 2668 paulo
1138 2578 1246 2643 minus
1268 2587 1338 2660 est,
1364 2578 1419 2642 de-

428 2706 496 2749 nuo
517 2694 684 2768 crescent,
711 2683 758 2750 ite
778 2696 815 2748 ut
835 2681 1006 2749 ultimum=
1044 2681 1213 2748 καὶπολλὰ
1236 2682 1341 2766 ἀγαθὰ
1363 2681 1418 2746 αὗ-

429 2789 494 2862 τοῖς
515 2787 651 2865 εὔξονται
677 2787 822 2853 omnium
849 2783 1025 2852 maximum
1054 2784 1118 2872 sit,
1160 2786 1330 2854 verborum
1356 2811 1415 2852 nu·

428 2915 519 2960 mero
540 2891 637 2980 plane
658 2889 827 2956 evincitur.
859 2889 863 2892 ’
892 2887 990 2954 Ratio
1013 2889 1082 2974 jam
1105 2887 1183 2953 satis
1204 2889 1345 2976 profecto
1364 2911 1413 2952 ar·

428 2995 589 3080 tiflciosa3
610 3005 613 3012 '
632 2995 690 3062 sed
711 3017 807 3085 quam
841 2991 956 3082 putido
979 2990 1086 3055 studio
1106 3013 1218 3056 revera
1249 2990 1302 3054 nic
1322 2990 1410 3056 locus

431 3095 630 3185 conspicuus
660 3097 722 3178 sit,
764 3097 861 3186 plane
896 3111 1103 3183 capesces,
1146 3117 1247 3182 quum
1281 3093 1408 3176 litteras,

430 3221 515 3290 qnae
535 3197 779 3263 terminationes
799 3197 876 3263 illas
895 3195 1042 3286 proxime
1069 3195 1282 3282 antecedunt,
1323 3221 1408 3266 aecu-

430 3312 499 3372 rate
519 3298 724 3391 inspexerim
756 3322 838 3390 quas
860 3300 992 3388 quidem
1013 3308 1046 3364 et
1064 3299 1154 3389 ipsas
1175 3303 1216 3368 ad
1236 3303 1321 3368 hune
1341 3329 1405 3368 sen·

432 3398 575 3491 tentiae,
618 3416 654 3472 ut
674 3403 719 3469 ita
748 3404 872 3488 dicam,
913 3405 1168 3493 parallelismum
1193 3407 1402 3496 indicandum,

433 3511 500 3578 sibi
523 3511 758 3601 respondentes
786 3507 866 3573 feeit
894 3518 1022 3577 oratura
1067 3535 1105 3575 -σ
1125 3513 1238 3596 (ουσι)
1266 3539 1303 3579 -σ
1321 3521 1351 3594 -ξ
1375 3527 1404 3583 et

323 3613 326 3626 '
433 3640 471 3680 -σ
491 3618 607 3700 (οντα)
623 3640 662 3680 -σ
683 3621 727 3692 -ἕ·

518 3720 566 3783 At
585 3729 683 3783 restat
699 3719 768 3805 jam
789 3716 955 3810 quaestio,
977 3719 1100 3807 quibus
1121 3721 1340 3810 artibusjiane
1357 3741 1400 3793 at·

434 3833 575 3892 curatam
595 3824 811 3891 membrorum
831 3823 1097 3917 responsionem,
1133 3851 1228 3914 quam
1249 3853 1313 3894 non
1331 3854 1400 3898 sem·

308 3939 317 3948 ⁴
435 3952 495 4020 per
523 3925 589 3992 sibi
619 3925 831 4014 requisivisse
863 3930 1077 4014 sententiam,
1120 3933 1282 4012 nemiuem
1313 3936 1396 4025 fugit,

438 4041 544 4099 orator
571 4029 722 4097 effecerit.
790 4031 954 4114 Quantum
987 4034 1083 4101 video
1113 4046 1238 4125 praeter
1266 4047 1396 4104 mutatam
