3016 5444
499 388 522 453 2

500 543 563 614 que
595 526 771 592 oraticnem
803 527 837 591 iu
863 495 1023 615 'Lysieuis
1053 535 1260 592 numerarent
1272 525 1311 603 3).
1379 521 1484 605 Quum

500 640 606 695 autem
627 631 707 695 mihi
729 641 816 695 esset
835 631 872 695 iu
892 631 1000 713 votis,
1032 641 1090 714 nt,
1120 651 1203 721 quae
1223 635 1334 694 essent
1352 624 1483 714 Lysiae,

500 757 538 797 ea
566 733 637 817 ejus
665 734 792 800 nemini
813 734 1075 824 vindicarentur,
1111 729 1411 822 circumspiciebam
1439 754 1482 794 ar-

499 847 671 925 gumenta,
694 839 839 928 quibus,
869 865 952 929 quae
973 852 1084 907 centra
1104 839 1239 928 Lysiam
1259 845 1420 902 auctorem
1442 835 1483 898 el-

497 938 561 1032 lata
583 952 715 1025 essent,
746 967 812 1007 non
829 943 944 1007 'solum
964 943 1212 1027 refellerentur,
1235 939 1408 1008 sedetiam
1430 939 1483 1002 dn-

498 1039 678 1106 uitantibus
699 1043 806 1107 omnis
829 1045 1002 1133 scrupulus
1025 1045 1230 1111 eximeretur.
1288 1044 1394 1128 Quam
1414 1067 1483 1131 prc-

498 1143 598 1208 ltandi
625 1145 784 1211 rationem
812 1171 879 1212 nen
900 1149 1020 1212 frustra
1041 1148 1242 1237 quaesivisse
1262 1147 1343 1213 mihi
1363 1146 1483 1211 videor.

498 1245 581 1311 Nam
608 1271 733 1336 quum,
777 1249 836 1338 qui
865 1251 985 1338 Lysiae
1013 1252 1098 1316 huuc
1126 1252 1305 1319 orationem
1334 1275 1406 1317 esse
1433 1275 1486 1315 ue·

499 1360 598 1440 gant,
628 1351 663 1415 iu
685 1375 724 1417 eu
744 1353 951 1441 potissimum
971 1353 1135 1440 nitantur,
1158 1356 1246 1446 quod
1267 1354 1358 1420 aliud
1378 1353 1486 1420 (licen-

499 1455 533 1520 di
555 1478 659 1544 genus
679 1466 796 1544 regnet
816 1457 852 1522 iu
874 1458 1059 1548 epitaphio,
1102 1461 1192 1527 uliud
1212 1461 1248 1525 in
1272 1459 1488 1547 judicialibus

393 1576 396 1595 ¹
488 1559 700 1625 'erationibus
712 1606 723 1642 ‚
766 1583 886 1651 neque·
901 1561 959 1629 illa
980 1554 1150 1632 diversitas
1172 1589 1213 1632 ex
1239 1562 1433 1654 panegyrici
1462 1573 1488 1630 et

493 1660 663 1749 judicialis
684 1666 815 1752 generis
836 1666 1025 1746 discrimine
1047 1671 1126 1738 satis
1146 1670 1324 1760 explicetur
1337 1671 1385 1750 ⁴),
1420 1679 1488 1733 tum

498 1767 627 1834 demum
661 1768 745 1832 nihil
777 1768 991 1838 dubitationis
1031 1774 1196 1864 reliquum
1231 1774 1375 1838 futurum
1414 1797 1488 1840 csse

424 1919 430 1932 .
497 1879 576 1959 putu
597 1868 639 1938 (le
659 1871 763 1959 Lysia
783 1873 939 1964 epitaphii
962 1889 1119 1962 auctore,
1163 1901 1265 1969 quum
1292 1889 1325 1942 et
1352 1902 1394 1942 ex
1422 1880 1488 1945 elu-

498 1973 671 2064 queutiae‚
714 2001 798 2065 quae
825 2001 863 2044 ea
891 1977 1099 2069 potissimum
1120 1991 1222 2046 aetate
1248 1975 1367 2063 fu'erit,
1409 2002 1490 2048 cun-

497 2077 649 2164 diciune‚
693 2091 786 2148 etex
813 2084 920 2172 ipsius
942 2083 1078 2151 oratoris
1100 2082 1211 2147 indole
1232 2084 1394 2170 probatur
1415 2085 1490 2150 fue-

495 2181 560 2264 rit,
589 2183 678 2272 quud
698 2197 828 2255 constet
848 2187 1038 2254 interltrisse
1058 2187 1144 2253 inter
1157 2184 1315 2274 judiciale
1330 2195 1369 2272 et
1389 2210 1490 2274 pune-

498 2286 647 2376 gyricum
669 2313 794 2377 genus,
835 2291 872 2356 id
891 2291 978 2380 apud
998 2291 1132 2380 Lysiam
1153 2290 1216 2358 alia
1237 2288 1346 2377 specie
1365 2312 1408 2356 ue
1429 2319 1492 2380 po.

495 2391 600 2470 tuisse
621 2392 754 2482 quidem
775 2417 972 2484 comparere,
993 2418 1030 2460 ac
1052 2417 1247 2484 quererere
1268 2406 1431 2484 comparet
1452 2397 1492 2468 in

495 2494 686 2586 epitaphiis,
730 2509 835 2581 cetera
865 2508 1000 2582 autem,
1044 2521 1126 2592 quae
1158 2522 1224 2564 neu
1256 2498 1323 2564 sint
1353 2499 1492 2570 illorum

497 2601 678 2667 orationum
700 2623 868 2692 generum,
901 2602 1071 2692 utriusque
1091 2624 1164 2667 esse
1183 2600 1366 2668 communia
1380 2596 1421 2687 ⁵).
1446 2641 1492 2654 -

494 2704 566 2774 Rae
587 2705 690 2796 igitur
710 2707 746 2771 in
761 2706 950 2798 quaestione
971 2729 1030 2794 pru
1051 2729 1122 2772 mea
1143 2705 1361 2797 qualicunque
1383 2704 1493 2770 facul-

493 2819 560 2886 tate
575 2811 645 2898 jum
666 2810 911 2888 elaboraturus,
956 2831 1031 2874 eum
1050 2809 1238 2897 disputandi
1261 2831 1378 2898 sequar
1399 2807 1490 2874 crdi-

485 2927 592 3001 nem,
635 2928 694 3000 ut,
737 2912 927 3006 praemissis
953 2911 1150 3004 quibusdem
1180 2911 1220 2979 (le
1250 2909 1490 3000 epitaphiorum

493 3021 631 3086 historia
651 3031 748 3108 atque
769 3019 893 3100 indole,

527 3295 556 3359 3)
591 3293 629 3351 V.
647 3293 853 3354 transcurri.
870 3299 891 3351 l.

527 3403 556 3467 4)
591 3387 627 3460 V.
647 3402 814 3459 Hoelscher.
832 3405 852 3461 l.
870 3407 890 3459 l.
919 3423 949 3477 p.
968 3407 1011 3463 tt.
1043 3405 1202 3471 mercede,
1231 3404 1280 3460 sed
1299 3404 1377 3473 legas
1395 3412 1465 3460 ete«

524 3535 556 3602 ,5)
590 3533 706 3590 Modum
739 3533 896 3592 excessisse
920 3536 1037 3606 videtur·
1056 3537 1207 3602 Lenaeus,
1242 3547 1325 3601 quum
1351 3531 1380 3584 in
1406 3535 1484 3586 Aett.

560 3623 653 3680 diurn.
673 3622 826 3680 Scholasu.
851 3642 879 3696 p.
897 3627 947 3682 tlt
964 3623 1052 3679 dicit:
1089 3623 1161 3678 »Die
1176 3620 1327 3676 Aechtheit
1344 3619 1393 3674 des
1410 3619 1483 3690 Epi-

561 3713 672 3782 taphius
689 3729 744 3768 aon
762 3713 866 3782 Lysias
883 3723 1017 3784 getruuen
1035 3713 1089 3772 wir
1106 3729 1157 3768 uus
1174 3710 1483 3780 durchVergleichung

560 3797 611 3852 des
629 3801 893 3872 Sprschgebrauchs
916 3803 966 3860 mit
987 3804 1050 3858 dern
1072 3802 1100 3857 in
1125 3803 1178 3858 den
1203 3801 1406 3871 geriehttichen
1426 3801 1482 3854 Re-

560 3884 632 3952 ἆθη,
656 3891 765 3946 welche
783 3893 836 3946 wir
853 3893 951 3947 Wurt
969 3891 1024 3946 fiir
1039 3892 1142 3945 Wort
1158 3890 1348 3945 durchstihreu
1366 3890 1481 3954 noller,

561 3973 620 4030 bis
636 3972 694 4032 ins
709 3977 926 4037 Einnelnrte
944 3977 1242 4047 derverbiudungen,
1266 3976 1393 4032 Phrasen
1412 3995 1440 4034 u.
1458 3997 1480 4034 s.

562 4079 599 4119 w.
619 4077 655 4118 ru
676 4065 838 4122 emisena
