3016 5444
1004 402 1042 469 51

52 557 101 612 tes
117 546 186 632 jam
207 539 393 618 universam
411 549 513 634 bujns
534 546 660 635 periodi
683 559 891 625 structuram,
922 558 955 613 et
975 549 1066 613 ani·¹

50 673 122 714 nros
153 651 346 716 auditorum.
371 649 565 714 intendendi
596 660 629 715 et
664 649 853 740 aequilibrii
884 651 1045 716 efficiendi

51 754 283 845 studioseque
304 753 487 820 videbimus
509 753 710 818 satisfactum
732 737 838 818 esses
882 751 966 824 Nam
986 771 1042 842 pe·

47 858 161 925 riodus
185 861 226 924 ab
254 856 512 924 inservientibus
546 851 718 921 sentenfiis
749 878 883 938 exorsa,
927 855 1065 922 eodem

45 964 143 1029 modo
163 963 298 1046 linitur,
318 961 405 1028 unde
426 960 522 1026 etiam
543 983 672 1024 cansam
693 968 827 1046 repeto,
850 981 909 1024 cur
929 959 1040 1024 eonsi—
1070 993 1071 996 ¹
1156 998 1160 1002 -

42 1062 84 1128 lii
103 1065 376 1147 Atheniensium,
411 1073 442 1129 et
462 1062 568 1150 ipsius
588 1087 630 1127 ex
650 1061 816 1158 primariis
837 1064 1038 1146 (ἐξυβρίσωσι

41 1206 87 1217 -
122 1167 293 1250 ἀπέλθωσι)
321 1181 353 1235 ct
380 1167 619 1256 explicantibus
651 1165 823 1231 sententiis
850 1166 1037 1248 (ἐξαμαρτή-

42 1295 213 1346 σαντες-
236 1271 454 1356 ἀτυχήσαντες)
476 1268 666 1357 compositi,
702 1270 801 1334 sltern
823 1293 899 1357 pars
931 1273 1035 1360 expli·

41 1386 167 1442 cantem
190 1377 383 1444 sententiam
405 1375 609 1463 praemittat,
655 1375 754 1441 altera
783 1377 899 1442 babeat
920 1377 1032 1446 subsa-

40 1492 194 1569 quentcm
204 1486 259 1565 ¹³).
306 1480 472 1561 Ceterum,
494 1502 579 1568 ques
598 1477 678 1545 duas
702 1481 799 1567 bujns
820 1478 946 1570 periodi
967 1507 1034 1548 ma·

40 1585 214 1672 gnitudine
236 1586 302 1676 sibi
322 1582 556 1674 respondentes
576 1583 719 1650 vidimus
737 1595 866 1672 portes,
888 1609 944 1650 ess
965 1609 1032 1652 non

37 1688 245 1754 necessitatis
265 1687 398 1755 vinculo
425 1687 595 1776 colligatas
616 1710 689 1752 esse
711 1687 850 1777 ideoque
872 1690 956 1755 banc
974 1715 1030 1781 pe-

34 1791 167 1857 riodum
188 1817 255 1858 non
274 1780 430 1862 ὀιιιιιίὺιιε
451 1792 596 1858 numeris
622 1816 695 1859 esse
725 1791 926 1876 absolutam,
968 1817 1030 1862 ne-

31 1898 158 1963 minem
179 1881 303 1962 latebit,

117 1997 211 2082 Jam,
246 2001 287 2098 ed
308 2002 425 2069 melius
445 2005 706 2094 cognoscendam
725 2002 849 2092 Lysiae
868 2003 1027 2088 indolem,

32 2128 101 2170 non
122 2104 182 2170 abs
203 2129 238 2172 re
260 2106 340 2189 erit,
374 2106 416 2173 sd
436 2118 536 2173 artem
557 2109 740 2196 respicere,
773 2129 837 2195 qna
857 2107 1027 2174 arctiorem

29 2207 158 2295 periodi
179 2210 336 2274 unitatem
351 2212 519 2296 effecerit,
542 2236 612 2276 earn
634 2211 720 2291 dico,
743 2208 831 2298 qnod
845 2210 1025 2304 praemisso

2 2385 3 2388 Ἴ
32 2310 180 2397 subjecto
200 2311 294 2377 verbi
313 2312 399 2378 liniti
420 2313 538 2380 excitet
557 2313 855 2404 exspectationem,
879 2313 936 2377 sed
958 2315 1024 2402 pri-

30 2439 169 2506 usquam
190 2419 252 2483 boc
271 2417 381 2505 ipsum
401 2418 583 2503 inseratur,
616 2419 815 2508 explicantes
845 2418 1022 2484 sententias

27 2519 232 2586 intromittat.
297 2523 407 2588 Prima
433 2525 536 2608 hujus
555 2525 635 2588 artis
653 2522 793 2612 vestigia
809 2522 878 2608 jam
900 2545 1021 2612 cogno·

28 2623 155 2689 scimus
182 2624 218 2686 in
247 2625 368 2688 crotioo
397 2627 451 2713 (p.
473 2625 557 2705 232,
579 2649 616 2688 aa
659 2625 730 2698 τούς
758 2629 791 2689 δὲ
818 2626 858 2706 μὴ
886 2629 1021 2713 ἐρῶντας

1 2776 2 2819 ᾖ
26 2729 237 2812 κρείττους
260 2727 359 2791 αὐτῶν
379 2727 517 2802 ὄπας-
533 2720 724 2811 αἱρεῖςθαι),·
747 2727 882 2815 quibus,
904 2751 1020 2816 quum,

1 2825 71 2898 'ne
97 2831 276 2916 judiciales
308 2831 439 2920 quidem
472 2829 634 2896 orationes
667 2827 830 2916 ejusmodi
862 2829 1021 2918 exemplis

26 2956 135 3022 carere
157 2933 347 3018 viderimus,
369 2936 470 3000 altera
489 2945 591 3000 aetote
612 2935 750 3001 maxime
770 2933 1019 3022 institisse'Ly·

28 3036 132 3118 siam,
175 3061 272 3128 quam
300 3037 406 3114 ‚modo
439 3036 600 3121 exhibui,
644 3038 798 3128 periodus
835 3038 1019 3106 luculenter

26 3138 180 3204 ostendit.
246 3138 312 3206 Sed
333 3165 433 3230 quum
452 3144 590 3232 longum
613 3143 656 3208 sit
677 3168 811 3226 ornnes,
847 3145 904 3234 qui
924 3167 1015 3233 prae·

26 3256 112 3310 terea
133 3243 359 3327 inveniantur,
382 3244 543 3331 ejusmodi
563 3248 655 3313 locos
675 3237 898 3330 adscribere,
913 3248 1016 3312 satim

23 3349 151 3414 videtur
171 3343 275 3414 instar
300 3348 443 3414 omnium
472 3373 667 3437 provocasse
693 3351 734 3415 ad
762 3344 799 3437 ᾗ.
819 3351 878 3415 322
924 3354 954 3413 οἱ
983 3345 1015 3412 d'.

22 3452 167 3535 ἡμέτεροι
186 3450 348 3536 πρόγονοι,
395 3452 490 3537 cujus
511 3451 644 3518 verbum
666 3451 811 3516 ἀπέλιπον
833 3449 894 3514 sub
915 3448 1013 3516 linem

23 3555 152 3622 demum
174 3551 205 3643 ᾗ.
227 3555 280 3620 33.
303 3553 463 3642 sequitur,
481 3553 568 3618 unde
590 3562 757 3642 appareat,
778 3551 824 3616 ita
844 3549 922 3614 buie
944 3560 1010 3616 otn-

22 3711 190 3726 ‚affl

54 3815 101 3882 1³>
135 3811 198 3868 Jom
216 3812 389 3868 rhetoricam
408 3828 521 3882 quoque
547 3811 651 3866 afferre
676 3809 746 3865 licet
767 3795 919 3878 rationem,
955 3827 1008 3866 cur

89 3903 118 3956 in
136 3896 313 3968 ἀτυχήσαντες
329 3919 384 3957 non
401 3899 579 3970 acquieverit
597 3911 703 3965 orator,
722 3901 771 3955 sed
783 3901 925 3957 divisione
935 3903 1007 3956 hano

88 3991 231 4070 notionem
248 3990 483 4064 amplificaverit:
520 4000 550 4045 ut
576 3992 631 4044 boo
652 3989 803 4044 membrum
820 3999 957 4060 augeatur
975 3997 1006 4043 et

89 4081 173 4149 trojus
191 4096 307 4152 magnae
324 4079 439 4155 periodi
457 4080 540 4136 finon
559 4080 692 4153 praebeat
709 4078 850 4136 idoneum.
868 4143 878 4150 ,
