3016 5444
389 295 430 356 14

312 497 316 524 ,
389 437 495 522 aocet,
517 473 558 488 -
600 437 804 522 Praemisst,
838 463 934 531 quarn
955 440 991 514 in
1008 437 1132 528 ,Lysiae
1154 438 1300 506 oratione
1323 462 1391 504 ne·

388 539 526 629 glectam
545 537 714 625 videmus,
736 546 854 611 amoris
874 545 1086 626 definitione,
1109 567 1206 632 quem
1231 543 1390 608 furorem
1438 571 1439 588 ι

387 645 527 726 (μανίαν)
548 645 709 733 quendam
731 665 805 714 csse
826 647 1074 737 interpretatur,
1108 646 1234 730 effecit,
1252 657 1302 710 ut
1323 669 1390 710 ne·

388 749 531 814 cessario
552 749 617 814 sihi
638 751 837 815 edocendum
859 761 969 833 esset,
1007 773 1090 838 quac
1111 749 1194 818 mala
1214 773 1316 838 puero
1343 772 1390 813 ex
1438 829 1439 836 ρ

387 853 450 918 Ιιοο
470 854 579 918 furore
600 863 825 933 nascerentur,
856 851 962 934 unde,
992 875 1073 918 nou
1094 853 1247 918 amanti
1266 851 1390 941 potius

388 955 633 1045 obsequendum
655 978 747 1038 esse,
778 965 891 1044 sponte
913 953 1122 1044 intelligitur.
1167 955 1292 1020 Effectd
1312 955 1391 1044 igi,

386 1070 460 1140 tut,
482 1063 546 1145 qud
566 1078 649 1144 opus
671 1068 740 1141 est,
762 1057 918 1124 orationis
940 1057 1080 1140 unitate,
1104 1057 1237 1148 singula
1257 1059 1388 1126 suroris

386 1163 479 1228 iuius
509 1161 656 1248 pericula
687 1162 825 1251 etipsa
858 1160 977 1252 optime
1005 1161 1198 1250 disposuit,
1235 1163 1389 1250 primum

386 1263 487 1331 animi
509 1275 540 1328 et
562 1264 717 1356 deinceps
738 1267 904 1356 corporis,
931 1266 980 1332 rei
1001 1264 1193 1349 familiaris,
1220 1265 1306 1329 vitae
1325 1266 1389 1350 ju-

337 1442 339 1452 ,
387 1369 563 1437 cruditatis
585 1370 699 1436 damna
720 1374 934 1460 perlustrans.
957 1413 999 1426 -
1027 1362 1143 1437 'Utin
1164 1366 1305 1450 erotico,
1331 1365 1390 1429 sic

386 1473 518 1541 fortuita
537 1473 597 1542 ilia
618 1475 791 1563 dispositio
813 1475 909 1542 etiam
930 1475 966 1540 in
988 1475 1131 1544 oratioue
1150 1472 1235 1538 VIII
1257 1493 1388 1560 cogno·

388 1565 511 1663 scitur,
554 1579 637 1660 ubi,
675 1579 846 1645 curverbi
867 1579 1027 1646 causalis
1049 1579 1089 1644 de
1111 1601 1194 1667 equo
1217 1574 1386 1658 conducto

386 1691 456 1746 orta
481 1677 532 1768 (§.
554 1679 596 1744 10
617 1683 706 1768 sqq.)
734 1681 1015 1764 criminationem,
1059 1683 1199 1749 actorem
1227 1680 1309 1746 alios
1339 1677 1386 1742 ad

386 1780 647 1847 calumniandum
667 1781 832 1860 incitasse,
857 1783 1037 1866 antecedat,
1061 1787 1169 1873 quum'
1181 1784 1274 1874 prius
1293 1783 1384 1848 illud

384 1883 517 1970 majoris
536 1882 682 1951 videatur
701 1885 874 1968 momenti,
902 1907 997 1972 aegre
1018 1887 1215 1974 assequaris.
1261 1887 1383 1976 Neque

385 1987 590 2076 Dionysius,
632 1990 778 2079 quamvis
799 1987 921 2077 Lysiae
950 1981 1191 2053 amantissimus
1220 1987 1297 2052 huic
1322 1991 1382 2071 ju·

351 2123 354 2132 ‚
386 2091 472 2175 dicio
500 2095 702 2178 adversatur,
749 2092 806 2162 sed
827 2091 984 2182 Irgs'iam,
1028 2089 1120 2169 nulla
1144 2110 1279 2177 prorsus
1307 2099 1380 2154 arte

385 2196 529 2263 adhibita
550 2209 737 2288 argumenta
758 2209 951 2279 annectere,
995 2209 1027 2262 et
1052 2195 1125 2282 ipse
1146 2192 1258 2258 statuit
1285 2192 1378 2260 ideo·
1438 2253 1439 2260 ,

367 2321 449 2402 ,que
470 2300 751 2391 alio'dispoueudi
778 2303 857 2368 artis
878 2301 1025 2391 exemplo
1046 2299 1095 2365 uti
1115 2297 1236 2366 oratori
1264 2299 1378 2365 futuro

385 2405 597 2472 commendat.
619 2446 661 2457 —
695 2399 775 2473 Jud'.
798 2408 837 2472 dc
859 2408 941 2496 [ιρι.
965 2430 994 2472 ο.
1020 2405 1071 2471 15.
1094 2403 1178 2469 fin.=
1200 2441 1243 2485 ε-
1270 2428 1378 2488 παρα-

383 2508 543 2591 κελεύομαι
561 2551 604 2562 -
631 2509 687 2590 τῆν
716 2513 748 2576 δὲ
768 2509 876 2594 τάξιν,
908 2508 1169 2592 ἰνδεέοτὲραν
1196 2501 1295 2573 οὖσαν
1322 2509 1380 2601 τοῦι

383 2611 593 2696 προςήκοντος
620 2614 661 2697 aad
691 2613 751 2680 ἀπὸ
779 2617 868 2680 τοῦδε
894 2619 950 2679 τοῦ
978 2611 1092 2699 ἀνδρὸς
1122 2651 1164 2664 -
1196 2607 1375 2694 λαμβάνεινι

385 2711 462 2798 (Ino¹
482 2716 621 2806 quidem*
634 2717 774 2784 Ph'otius
803 2717 891 2797 (cod.
914 2717 992 2799 262)
1024 2725 1154 2796 auctore
1179 2717 1303 2804 utitur,
1345 2715 1376 2780 is

383 2817 424 2882 ab
451 2820 510 2884 Irae
539 2843 670 2912 quoque
699 2830 790 2910 parte
812 2819 947 2907 Lysiam
977 2819 1145 2902 defendit,
1188 2817 1376 2884 scdnimio

383 2919 464 3003 iIIe,
499 2933 535 2986 ut
554 2935 685 3014 apparet
705 2925 826 3014 Lysiae
849 2923 956 2989 studio
978 2921 1143 3010 deceptus.
1207 2924 1374 2998 Καικίλιος

385 3026 418 3090 δὲ
438 3027 620 3112 ἁμαρτάνει,
644 3027 797 3115 εὑρετικόν
816 3031 870 3111 μὲν
890 3025 942 3121 τὸν
964 3027 1061 3112 ἄνδρα
1082 3064 1124 3075 -
1147 3028 1371 3110 οανομολογοῖν,

354 3157 356 3162 ·
385 3129 585 3212 οἰκονομῆσαι
613 3135 646 3200 δὲ
671 3133 709 3197 τὰ
740 3132 910 3219 οὐρηθέντα
938 3130 994 3217 οὐχ
1025 3129 1123 3205 οὕτως
1150 3127 1274 3196 ἱκανόν·
1319 3134 1372 3195 καὶ

383 3231 443 3318 μὰρ
474 3238 528 3298 καὶ
552 3233 646 3318 τούτῳ
672 3241 712 3319 τῷ
739 3237 825 3322 μέρει
851 3237 907 3314 τῆς
930 3231 1040 3318 ἀρετῆς
1059 3235 1115 3316 τοῦ
1135 3230 1229 3314 λόγου
1248 3227 1371 3306 οὐδενὸς

384 3338 494 3424 ὁρᾶται
516 3337 712 3426 φαυλότερος.
764 3395 768 3404 .
950 3321 954 3330 .

370 3494 372 3498 -
468 3441 535 3510 Sed
554 3443 643 3510 aliud
665 3467 794 3535 qnoque
815 3452 888 3526 est,
925 3441 1015 3532 quod
1034 3439 1148 3522 erotici
1169 3463 1243 3505 cnm
1265 3447 1370 3504 octava

383 3547 441 3616 illa
462 3548 607 3616 oratione
627 3548 826 3616 intercedere
848 3547 1008 3636 quandam
1031 3544 1300 3627 similitudinem,
1321 3567 1367 3610 ar·

385 3647 474 3740 quit,
495 3651 608 3738 idque,
628 3654 817 3743 priusquam
838 3651 879 3716 ab
900 3652 963 3716 hoc
981 3652 1068 3744 cho,
1091 3651 1148 3741 qui
1170 3648 1365 3738 ad‘disposi·

318 3797 321 3810 ι
382 3752 505 3821 tionem
527 3763 664 3839 spectat,
687 3757 871 3839 discedam,
892 3755 1007 3847 paucis
1028 3754 1267 3846 respiciendum
1283 3751 1364 3818 vide·
1438 3769 1439 3776 ’

383 3869 448 3926 tur.
512 3853 651 3947 Utrique
679 3861 791 3945 euim,
834 3862 875 3928 de
895 3885 961 3952 qua
981 3859 1189 3948 quaerimus,
1232 3854 1364 3922 orationi

300 3955 304 3962 ¹
384 3961 635 4054 conscribendae
661 3986 714 4032 res
741 3964 935 4044 domesticae
961 3985 1072 4028 anum
1100 3960 1307 4050 praebuere,
1333 3975 1362 4030 et
